4942 6175
982 1199 1449 1265 AGADEMIAE
1471 1201 2316 1266 ΒΗΕΝο-ΤΒΑῙΕΟΤῙΝΑΕ
2340 1155 2836 1284 cuaa'roans,
2859 1209 3032 1272 vuu
3052 1209 3538 1276 Aurmssmn

982 1328 1131 1392 cur
1182 1325 1677 1388 cuaA'ronum
1720 1326 2116 1390 0¹01,me
2160 1329 2492 1392 ABAcns
2533 1332 2656 1404 ns,
2697 1334 2836 1394 vm
2880 1333 3540 1397 cousunnssmnu

982 1449 1296 1512 ARTIUM
1356 1451 1457 1512 Ao
1524 1452 2145 1514 DISCIPLINARUM
2204 1453 2773 1530 PROFESSOBES,
2829 1456 3002 1518 vmt
3055 1459 3536 1536 cLAmssIm,

1065 1552 1483 1614 COLLEGAE
1524 1552 2209 1618 CONIUNCTISSIMII

982 1676 1389 1742 LECTOBES
1405 1724 1422 1754 ,
1462 1681 1636 1740 VIBI
1674 1681 1833 1741 EBU
1844 1681 2247 1742 DI‘I'ISSIMII

983 1805 1131 1870 QUI
1146 1805 1305 1867 VEL
1335 1805 1821 1869 PROVINCIAE
1840 1807 1997 1868 VEL
2031 1807 2387 1870 CIVITATI
2418 1807 2858 1906 REQUNDAE
2895 1809 2998 1870 ET
3015 1808 3192 1871 tum
3211 1807 3542 1890 TUENDO

1068 1909 1520 1984 PRAEESTIS,
1566 1910 2125 1972 MAGISTRATUS
2168 1911 2656 1972 GRAVISSIMU

987 2034 1300 2095 ABTIUM
1343 2035 2133 2100 DISCIPLINARUMQUE
2176 2035 2622 2111 DOCTOBES,
2665 2037 2838 2098 VIBI
2878 2036 3366 2098 DOCTISSIMI!

987 2157 1412 2218 SACROBUM
1456 2158 1950 2231 ANTISTITES,
1991 2159 2163 2220 VIRI
2200 2158 2627 2220 PLURIMUM
2669 2160 3170 2222 VENEBANDI!
3241 2160 3247 2167 ’

994 2281 1222 2342 CIVES
1252 2282 1722 2356 ACADEMICI,
1760 2282 2157 2345 BONARUM
2181 2285 2490 2345 ARTIUM
2513 2285 2906 2361 STUDIOSI,
2947 2283 3554 2348 COMMILITONES

1070 2383 1711 2445 EXOPTATISSIMII

986 2507 1428 2571 QUOTQUOT
1482 2509 1845 2572 DENIQUE
1904 2510 2257 2608 aDEsTIS,
2315 2512 2467 2574 QUI·
2505 2513 2610 2573 AD
2655 2513 2874 2574 HANG
2919 2512 3554 2576 SOLEMNITATEM

1066 2611 1623 2686 convnmsrm,
1669 2611 2117 2676 AUDITOBES
2158 2615 2736 2676 HUMAlesuss!

612 3043 901 3117 Feretur
955 3063 1228 3140 semper
1290 3047 1361 3116 ct
1426 3041 1923 3117 memorabitur
1968 3065 2149 3143 quae
2196 3043 2504 3121 secundo
2547 3042 2760 3119 huius
2807 3041 3076 3137 saeculi·
3116 3043 3448 3121 decennio
3487 3043 3563 3120 in

518 3162 891 3239 Germania
955 3168 1029 3237 et
1098 3151 1267 3237 alibi
1323 3171 1475 3237 orta
1534 3170 1643 3237 est
1700 3163 1881 3239 inter
1924 3164 2439 3241 Iureconsultos
2491 3163 2834 3241 dissensio
2885 3165 2975 3240 de
3017 3164 3398 3241 condendis
3443 3170 3568 3241 aut

414 3262 421 3281 ⁸
520 3308 659 3359 non
702 3282 1081 3385 condendis
1098 3340 1120 3373 ,
1169 3282 1429 3383 quibus
1472 3306 1679 3361 omne
1724 3284 1837 3359 ius
1882 3284 2229 3384 privatum
2271 3285 2856 3375 conscriberetur,
2907 3285 3144 3386 legum
3190 3284 3565 3362 codicibus·

520 3404 758 3479 Huius
822 3412 1055 3478 tamen
1126 3402 1571 3479 dissensionis
1643 3404 1982 3505 originem
2048 3413 2119 3481 et
2176 3406 2415 3504 ‚varios
2482 3412 2773 3481 eventus
2823 3429 3138 3482 enarrare
3205 3405 3377 3481 mihi
3441 3405 3569 3482 hoc

522 3504 849 3623 tempore
882 3549 1019 3599 non
1066 3530 1173 3599 est
1220 3524 1673 3624 propositum.
1772 3526 1991 3626 Apud
2033 3534 2373 3603 nostrates
2420 3526 2482 3603 si
2525 3550 2664 3602 non
2710 3525 3039 3615 diremta,
3090 3532 3166 3608 at
3203 3535 3388 3601 certe
3427 3525 3568 3600 iam

526 3644 794 3718 dudum
853 3625 1125 3719 sublata
1176 3652 1303 3723 est.
1404 3646 1591 3721 Nam
1641 3656 1715 3720 et
1758 3645 1831 3721 in
1882 3647 2229 3747 plerisque
2275 3649 2594 3747 Europae
2644 3644 3046 3746 regionibus
3098 3650 3172 3719 et
3221 3644 3294 3719 in
3347 3644 3568 3744 patria

528 3770 761 3837 nostra
798 3762 921 3862 qui
960 3762 1197 3863 scripti
1232 3764 1404 3840 iuris
1446 3790 1729 3841 causam
1770 3766 2072 3865 agebant
2116 3767 2501 3865 superiores
2542 3773 2946 3852 evaserunt,
2995 3770 3068 3838 et
3107 3762 3564 3839 suadentibus

530 3882 667 3957 illis
714 3883 1081 3983 conscripti
1123 3891 1287 3958 sunt
1328 3884 1619 3960 Codices
1640 3942 1662 3975 ,
1712 3885 1971 3985 quibus
2016 3886 2157 3961 iam
2204 3886 2467 3961 utimur
2517 3909 2640 3984 per
2696 3884 2982 3983 triginta
3025 3882 3166 3959 fere
3213 3907 3450 3960 annos.

630 4000 843 4081 Quod
908 4027 1151 4102 quum,
1194 4002 1293 4079 ita
1358 4003 1485 4093 sit,
1552 4001 1778 4103 ipsam
1848 4006 1936 4080 de
2000 4028 2141 4105 qua
2198 4005 2365 4081 olim
2410 4011 2748 4081 certatum
2793 4011 2904 4079 est
2951 4002 3425 4103 quaestionem
3477 4001 3570 4077 ad

533 4148 821 4199 examen
862 4142 1175 4199 revocare
1217 4132 1331 4214 et,
1383 4124 1585 4224 quasi
1623 4150 1697 4201 re
1740 4124 2009 4226 integra
2026 4184 2047 4216 ,
2094 4128 2169 4202 in
2202 4134 2580 4225 utramque
2621 4132 2888 4224 partem
2930 4130 3295 4200 retractare
3329 4147 3568 4222 super-

536 4268 905 4319 vacaneum
996 4254 1067 4319 et
1143 4244 1443 4321 otiosum
1516 4244 1691 4320 mihi
1765 4245 2053 4323 videtur.
2174 4246 2453 4321 Etenim
2534 4244 2658 4346 qui
2725 4244 3210 4321 celeberrimus
3278 4242 3571 4319 habetur

536 4363 939 4461 scriptorum
983 4362 1319 4440 Codicum
1360 4364 1785 4441 adversarius
1804 4422 1825 4454 ,
1878 4365 2283 4465 Savignius‚
2332 4366 2484 4465 ipse
2517 4364 2870 4441 confessus
2913 4372 3058 4452 est,
3107 4348 3569 4462 exipsorum,
3667 4423 3675 4433 .

536 4490 903 4581 postquam
978 4484 1191 4559 semel
1248 4485 1475 4585 vigere
1542 4485 1925 4586 coeperint,
1993 4486 2439 4587 abrogatione
2501 4484 2761 4561 maiora
2815 4485 3026 4559 etiam
3091 4482 3352 4558 oritura
3419 4506 3571 4558 esse

534 4601 971 4677 incommoda
1045 4630 1257 4701 quam
1324 4630 1503 4703 quae
1577 4631 1663 4681 ex
1734 4630 1973 4681 eorum
2035 4606 2469 4682 institutione
2539 4604 2798 4681 oritura
2876 4602 3248 4679 arbitratus
3325 4600 3570 4679 fuerat.

540 4722 831 4798 Accedit
874 4724 1063 4823 quod
1110 4724 1266 4799 talis
1308 4726 1498 4825 apud
1552 4750 1677 4801 nos
1720 4736 1827 4801 est
1875 4726 2289 4826 reipublicae
2338 4732 2598 4816 status,
2649 4732 2730 4800 ut
2775 4723 3049 4799 etiamsi
3103 4723 3282 4799 inter
3332 4746 3573 4798 omnes

538 4849 921 4932 constaret,
986 4844 1349 4943 pristinam
1411 4844 1581 4921 iuris
1644 4846 1859 4922 nostri
1918 4847 2385 4925 conditionem
2431 4872 2522 4931 „ea
2578 4870 2758 4946 quae
2806 4844 3012 4921 hodie
3059 4844 3330 4919 obtinet
3373 4843 3576 4941 lon'ge

1902 4984 1905 4989 ·
3148 4966 3238 5039 13
