4942 6175
1829 677 2387 748 ORATIO.
3502 678 3632 744 309

692 887 951 962 Omnia
1000 888 1143 963 fere
1198 887 1451 985 scripta
1469 943 1489 974 ,
1538 895 1698 986 post
1746 888 2072 964 amissam
2116 887 2506 964 libertatem
2553 887 2624 961 in
2672 887 2958 963 Graecia
3009 885 3353 974 confecta,
3403 886 3634 961 ieiuna

596 1019 801 1095 sunt,
870 1007 1129 1082 insulsa
1202 1019 1275 1081 et
1338 1007 1632 1082 inficeto.
1738 1009 1927 1108 Apte
1984 1009 2103 1082 illa
2148 1009 2429 1105 quidem
2487 1032 2646 1082 cum
2693 1006 3018 1106 operibus
3069 1005 3406 1080 tesselatis
3447 1029 3630 1080 eom-

594 1128 821 1227 parari
883 1135 1173 1226 possunt
1220 1129 1302 1219 ¹).
1406 1127 1505 1200 Ut
1555 1126 1738 1200 enim
1786 1128 1861 1202 in
1905 1128 2297 1227 pavimento
2338 1128 2605 1202 tesselis
2651 1137 2864 1202 strato
2883 1187 2902 1216 ,
2975 1152 3111 1202 non
3163 1136 3306 1201 tam
3357 1127 3632 1202 artificis

592 1247 951 1346 ingenium
1029 1249 1337 1347 operisve
1398 1247 1813 1346 elegantiam
1880 1246 2341 1336 admiramur,
2418 1272 2632 1346 quam
2695 1247 2998 1322 laborem
3055 1257 3125 1321 et
3181 1245 3633 1336 industriam,

596 1368 852 1467 quibus
918 1368 1084 1442 varii
1147 1367 1361 1467 lapilli
1435 1367 1745 1465 undique
1821 1367 2191 1464 conquisiti
2250 1379 2454 1455 sunt,
2526 1368 2622 1441 sie
2691 1369 2941 1466 scripta
2987 1367 3103 1441 illa
3154 1366 3418 1464 placere
3465 1391 3636 1466 quo·

596 1488 967 1563 dammodo
1024 1498 1353 1588 possunt,
1420 1488 1609 1587 quod
1661 1487 2023 1561 artificiose
2070 1497 2235 1561 sunt
2280 1487 2657 1585 composita
2677 1545 2696 1574 ,
2765 1488 2886 1561 sed
2937 1487 3274 1586 elegantia
3327 1498 3396 1560 et
3443 1487 3637 1587 inge·

596 1608 792 1681 nium
856 1607 927 1682 in
989 1608 1074 1682 iis
1134 1608 1571 1684 vehementer
1634 1607 2132 1681 desiderantur.
2238 1607 2313 1678 Si
2362 1607 2822 1692 comoediam,
2887 1631 3064 1704 quae
3103 1631 3280 1680 nova
3326 1617 3639 1696 vocatur,

566 1739 668 1800 ‘et
733 1725 1033 1802 carmina
1101 1727 1407 1802 bucolica
1473 1725 1817 1825 excipias,
1884 1750 2063 1825 quae
2122 1735 2354 1799 tamen
2400 1711 2472 1799 et
2526 1725 2676 1824 ipsa
2726 1723 3068 1824 bigeneris
3111 1734 3396 1800 naturae
3441 1735 3642 1815 sunt,

595 1845 667 1919 in
729 1847 1053 1920 omnibus
1098 1847 1453 1921 literarum
1506 1846 1975 1921 monumentis
2024 1845 2209 1920 illius
2262 1846 2553 1934 aetatis,
2608 1855 2910 1920 veterum
2969 1846 3438 1944 exemplorum
3489 1845 3648 1922 imi·

594 1961 767 2035 tatio
836 1961 1257 2060 deprehendi
1317 1965 1556 2062 possit.
1660 1966 1965 2064 Tempus
2022 1975 2258 2040 autem
2320 1965 2391 2037 in
2449 1963 2616 2038 haec
2665 1964 2919 2064 scripta
2971 1988 3202 2038 verum
3253 1964 3532 2038 omnino
3573 1973 3642 2038 et

596 2106 902 2180 aequum
958 2082 1293 2156 iudicium
1354 2083 1595 2160 edidit.
1694 2085 2102 2160 Admodum
2148 2085 2333 2158 enim
2381 2107 2632 2182 parvus
2679 2109 2916 2158 eorum
2967 2108 3310 2174 numerus⁸
3349 2091 3645 2159 aetatem

598 2199 789 2275 tulit:
844 2200 1061 2274 multo
1108 2203 1447 2277 maximae
1496 2204 1712 2301 partis
1758 2229 1848 2279 ne
1902 2205 2271 2302 vestigium
2324 2203 2610 2302 quidem
2661 2204 2976 2279 relictum
3027 2215 3154 2278 est.

692 2319 888 2394 Haec
946 2330 1179 2396 autem
1244 2334 1351 2397 est
1409 2331 1657 2398 natura
1708 2349 1973 2412 rerum,
2022 2309 2138 2397 Ἠ.
2193 2326 2321 2412 Α.,
2376 2332 2455 2398 ut
2503 2325 2775 2399 nullum
2823 2349 3157 2423 umquam
3207 2325 3466 2399 malum
3519 2326 3648 2413 sit,

598 2438 745 2512 sine
811 2439 1044 2538 aliquo
1113 2442 1314 2516 bono.
1418 2444 1632 2521 Quod
1703 2446 1853 2518 luce
1930 2443 2179 2518 elarius
2252 2443 2379 2518 hae
2456 2445 2646 2543 ipsa,
2716 2443 2801 2518 de
2857 2470 2994 2543 qua
3061 2444 3375 2545 agimus,
3427 2454 3648 2520 aetate

596 2559 1043 2634 manifestum
1108 2563 1365 2637 factum
1428 2575 1559 2640 est.
1660 2565 1771 2638 Ex
1840 2565 2154 2662 impenso
2207 2559 2339 2638 illo'
2381 2564 2650 2652 studio,
2717 2564 2946 2638 omnia
2999 2563 3348 2638 literarum
3403 2588 3648 2639 monu-

602 2687 841 2754 menta
902 2680 993 2754 ad
1060 2683 1431 2780 superioris
1508 2685 1753 2760 aetatis
1827 2684 2141 2782 exempla
2210 2683 2707 2782 componendi,
2773 2693 3014 2759 natum
3081 2693 3188 2759 est
3249 2683 3652 2784 disciplinae

600 2823 860 2899 genus,
912 2801 1101 2898 quod
1152 2801 1537 2878 uberrimos
1582 2803 2132 2902 laetissimosque
2183 2805 2565 2902 posteritati
2615 2804 2881 2878 fructus
2924 2804 3105 2878 tulit.

698 2920 971 2993 Etenim
1024 2930 1293 3018 praeter
1339 2923 1653 2998 homines
1696 2923 1890 3011 illos,
1964 2923 2085 3022 qui
2130 2923 2576 3021 antiquarum
2623 2925 2972 2998 literarum
3035 2935 3482 2998 monumenta
3531 2949 3646 3000 ex-

596 3040 987 3139 plorarunt,
1063 3051 1143 3115 ut
1212 3067 1296 3115 ex
1367 3043 1453 3118 iis
1517 3043 1715 3143 quasi
1780 3043 2135 3117 materiem
2201 3053 2554 3119 sumerent
2611 3044 2700 3119 ad
2759 3067 2932 3119 nova
2989 3068 3196 3143 opera
3255 3043 3647 3134 condenda,

596 3159 785 3233 haud
852 3160 1149 3258 exiguus
1221 3172 1367 3236 erat
1432 3187 1669 3238 eorum
1743 3188 2121 3252 numerus,
2194 3164 2315 3262 qui
2375 3190 2516 3239 non
2581 3166 2679 3239 ita
2726 3167 3028 3265 prompti
3073 3176 3144 3239 et
3185 3166 3646 3264 experientes,

506 3262 516 3273 ⁹
593 3278 768 3353 nihil
842 3281 1031 3353 aliud
1095 3292 1413 3379 agerent,
1486 3284 1622 3357 nisi
1682 3294 1763 3359 ut
1826 3284 2075 3358 rudera
2130 3298 2202 3357 et
2256 3285 2612 3383 pulverem
2661 3286 3093 3383 perfoderent
3139 3294 3210 3359 et
3266 3295 3644 3385 perscruta-

595 3408 853 3473 rentur.
956 3401 1055 3473 At
1120 3402 1229 3474 vel
1294 3401 1390 3476 sie
1463 3415 1691 3477 tamen
1766 3402 2015 3477 melius
2088 3407 2299 3478 etiam
2366 3430 2578 3502 quam
2625 3403 2726 3477 illi
2747 3462 2768 3493 ,
2838 3404 2924 3477 de
2971 3404 3366 3502 posteritate
3419 3405 3646 3479 meriti

598 3527 783 3594 eunt.
882 3517 997 3592 Ab
1058 3520 1247 3593 omni
1302 3520 1709 3595 imitationis
1776 3522 2008 3595 studio
2056 3523 2297 3611 alieni,
2353 3534 2609 3597 veteres
2659 3524 3018 3621 scriptores
3071 3506 3154 3597 eo
3203 3524 3640 3621 potissimum

596 3638 879 3715 consilio
930 3640 1452 3737 pervolutabant
1471 3700 1490 3729 ,
1546 3649 1624 3715 ut
1674 3650 1820 3716 tam
1866 3641 2271 3739 aequalibus
2327 3668 2538 3741 quam
2593 3643 2882 3741 posteris
2934 3644 3111 3717 viam
3163 3642 3505 3741 aperirent
3545 3645 3636 3718 ad

600 3759 955 3833 thesauros
1018 3758 1177 3833 illos
1199 3818 1219 3848 ,
1284 3785 1581 3859 quorum
1638 3762 2201 3859 contemplationi
2239 3764 2373 3862 ipsi
2419 3773 2562 3836 toto
2605 3762 2836 3837 animo
2884 3787 2957 3836 se
3005 3761 3255 3837 dedere
3305 3762 3635 3841 solebant.

596 3880 705 3953 Ac
756 3880 1099 3976 stupendo
1146 3879 1429 3977 quidem
1478 3880 1707 3955 labore
1754 3891 1825 3955 et
1875 3882 2213 3956 industria
2266 3883 2688 3983 propositum
2741 3884 2913 3957 illud
2960 3884 3302 3982 persecuti
3351 3893 3535 3959 sunt.

696 3998 857 4070 Non
930 3996 1081 4096 ipsa
1144 4000 1431 4073 Graecia
1488 4000 1605 4076 illa
1666 4001 1895 4077 studia
1936 3986 2192 4078 ¹alebat.
2290 4004 2672 4101 Postquam
2719 4004 2906 4077 enim
2951 4001 3044 4079 ad
3089 4005 3294 4079 unius
3338 4004 3638 4079 hominis

599 4114 957 4190 arbitrium
1021 4127 1093 4190 et
1160 4128 1411 4193 nutum
1478 4122 1713 4196 omnia
1761 4146 1835 4195 se
1876 4123 2227 4197 finxerunt
2271 4132 2343 4195 et
2381 4124 2949 4213 accomodarunt,
3000 4134 3368 4223 postquam
3414 4150 3633 4224 popu-

598 4234 737 4309 lare
790 4235 1145 4333 ingenium
1194 4239 1440 4314 misere
1494 4253 1599 4315 est
1640 4241 1972 4316 afflictum
2018 4251 2088 4317 et
2137 4243 2581 4342 depravatum
2605 4304 2624 4333 ,
2689 4246 2938 4320 Musae
2988 4256 3152 4319 nota
3197 4245 3360 4319 sede
3401 4244 3638 4321 relicta

600 4352 1021 4429 domicilium
1096 4355 1237 4430 sibi
1292 4358 1363 4433 in
1424 4360 1509 4433 iis
1564 4362 1963 4460 regionibus
2010 4364 2533 4461 quaesiverunt,
2585 4390 2763 4461 quae
2807 4390 2848 4439 a
2893 4363 3095 4453 Nilo,
3145 4365 3234 4439 ab
3279 4365 3636 4462 Euphrate

600 4485 673 4547 et
736 4475 827 4549 ab
878 4476 1138 4551 Oronte
1192 4478 1649 4557 alluebantur.
1752 4487 1859 4573 Ae
1906 4482 2203 4581 benigne
2247 4485 2528 4558 omnino
2581 4493 2652 4557 et
2697 4483 3122 4581 hospitaliter
3161 4483 3260 4558 ibi
3310 4494 3634 4584 exceptae

599 4601 785 4667 sunt.
884 4594 1033 4666 Iam
1112 4596 1379 4692 pridem
1462 4600 1879 4675 Graecorum
1945 4602 2177 4677 cultus
2242 4601 2315 4677 in
2386 4626 2538 4677 oras
2601 4601 2752 4679 illas
2825 4602 3000 4677 viam
3069 4604 3202 4679 sibi
3271 4606 3630 4683 munierat.

668 4850 713 4922 ι)
766 4848 851 4909 cf.
886 4850 947 4911 ο.
980 4850 1193 4923 nimi,
1230 4854 1545 4930 Grundzfige
1578 4812 1645 4915 su
1680 4859 1827 4917 einer
1860 4858 2179 4917 oachichte
2214 4858 2311 4917 aer
2346 4858 2685 4917 classisohen
2717 4860 3047 4936 Philologie‚
3082 4880 3134 4936 p.
3171 4864 3260 4921 13.
