4942 6175
1402 689 1533 756 218
2397 686 2836 755 IUDICIA
2910 684 3442 754 ORDINUM.

1500 897 1634 975 Vel
1675 897 1853 974 hanc
1906 897 1997 972 ab
2054 919 2332 971 causam
2378 895 2565 995 prior
2614 894 2994 995 disputatio
3016 953 3037 985 ,
3086 895 3216 972 etsi
3265 895 3338 970 in
3386 919 3469 972 ea
3519 893 3796 970 criticae
3846 892 4198 970 facultatis
4243 895 4459 972 docu-

1406 1027 1641 1095 menta
1692 1041 1831 1092 non
1882 1017 2177 1104 desunt,
2229 1025 2464 1091 tamen
2515 1015 2712 1090 alteri
2757 1016 3088 1116 praeponi
3128 1039 3265 1090 non
3311 1014 3654 1104 debebat,
3705 1039 3890 1115 quae
3938 1022 4207 1115 praeter
4243 1041 4459 1094 anno-

1402 1138 1696 1214 tationes
1749 1137 2015 1237 aliquot
2078 1135 2351 1214 criticas
2396 1137 2726 1212 maiorem
2781 1137 2994 1212 habet
3038 1137 3110 1211 in
3156 1159 3446 1212 recensu
3493 1135 3979 1212 methodorum
4026 1136 4340 1212 ordinem
4387 1146 4460 1212 et

1398 1258 1904 1334 cohaerentiam
1927 1315 1949 1348 ‚
1997 1259 2324 1358 ipsasque
2372 1257 2651 1356 plenius
2703 1265 2774 1331 et
2821 1257 3166 1356 copiosius
3215 1255 3564 1332 describit.

1496 1382 1584 1453 In
1655 1387 1948 1478 utraque
2015 1379 2598 1454 commentatione
2653 1377 3076 1477 comparatio
3131 1377 3428 1452 duorum
3477 1401 3812 1476 generum
3860 1375 4263 1478 syntheseos
4301 1376 4450 1453 reli·

1396 1500 1555 1598 quis
1621 1498 1936 1598 partibus
2003 1497 2235 1597 plures
2307 1498 2430 1572 dat
2497 1523 2702 1573 ansas
2771 1499 2862 1572 ad
2925 1497 3604 1597 reprehendendum;
3655 1496 3874 1572 nihilo
3925 1497 4158 1572 minus
4203 1497 4280 1572 in
4327 1497 4449 1573 hac

1395 1645 1676 1720 quoque
1734 1644 1809 1694 re
1876 1643 2213 1718 magnum
2276 1618 2461 1693 inter
2507 1627 2874 1717 utramque
2927 1613 3292 1693 intercedit
3337 1618 3745 1707 discrimen,
3797 1618 3985 1717 quod
4037 1617 4254 1694 altera
4299 1641 4443 1694 eam

1390 1740 1972 1839 comparationem
2048 1739 2540 1814 accuratiorem
2604 1738 2816 1814 habet
2887 1747 2958 1812 et
3026 1737 3399 1838 pleniorem
3421 1796 3442 1826 ‚
3517 1737 3958 1838 multumque
4025 1763 4109 1813 eo
4171 1738 4446 1814 nomine

1388 1861 1612 1961 priore
1663 1860 1973 1959 superior
2020 1868 2167 1948 est,
2220 1881 2399 1958 quae
2449 1857 2636 1933 hunc
2688 1859 2919 1934 locum
2967 1858 3341 1934 leviuscule
3389 1865 3781 1958 pertractat.

1484 1981 1697 2060 Quod
1738 1981 1811 2054 in
1855 1979 2229 2079 posteriore
2277 1986 2421 2054 tam
2463 1979 2538 2054 in
2583 1980 2939 2078 prooemio
2989 2004 3201 2078 quam
3243 1979 3318 2054 in
3363 1978 3743 2078 appendice
3781 1983 4192 2078 argumenta
4223 2002 4446 2077 quae-

1387 2101 1549 2175 dam
1618 2109 2063 2199 exponuntur
2082 2158 2103 2189 ‚
2176 2123 2356 2198 quae
2420 2121 2583 2174 cum
2658 2099 3062 2198 quaestione
3123 2123 3263 2174 non
3323 2097 3704 2174 arctissime
3747 2097 3983 2173 iuncta
4029 2105 4232 2186 sunt,
4281 2123 4444 2173 sane

1386 2229 1577 2295 extra
1639 2221 1815 2296 fines
1882 2221 2271 2320 propositos
2316 2228 2650 2318 evagatus
2705 2228 2813 2294 est
2864 2226 3144 2309 auctor,
3195 2221 3318 2294 sed
3364 2217 3536 2292 nihil
3577 2217 3751 2293 illud
3796 2217 4096 2294 detrahit
4145 2218 4237 2293 de
4289 2216 4441 2294 reli·

1382 2364 1679 2438 quorum
1728 2341 1958 2417 laude.

1480 2461 1737 2536 Censet
1818 2461 2037 2561 igitur
2112 2461 2342 2549 Ordo,
2428 2485 2836 2560 responsum
2861 2517 2883 2550 ,
2975 2460 3092 2536 cui
3167 2457 3600 2558 symbolum:
3707 2459 4074 2558 nNamque
4151 2459 4433 2550 eadem,

1377 2581 1522 2656 rell.
1544 2583 1614 2670 ,''
1666 2583 2055 2657 ornandum
2104 2607 2255 2656 esse
2299 2606 2380 2657 eo
2433 2581 2782 2680 praemi0,
2833 2581 3023 2680 quod
3067 2606 3154 2656 ex
3200 2580 3430 2656 missis
3482 2578 4071 2677 disputationibus
4129 2580 4430 2680 optimae

1376 2698 1671 2775 debetur
1690 2759 1711 2788 ,
1781 2701 2069 2800 proinde
2140 2701 2406 2777 auctori
2476 2725 2766 2776 aureum
2841 2725 3212 2777 nummum
3286 2725 3437 2776 esse
3501 2698 4066 2776 adiudicandum.
4167 2702 4430 2780 Eadem

1375 2826 1609 2892 tamen
1681 2819 1755 2892 in
1823 2819 2047 2918 priore
2120 2845 2399 2920 quoque
2470 2828 2668 2896 tanta
2731 2821 3048 2922 agnoscit
3101 2821 3284 2897 bona
3302 2879 3323 2911 ,
3377 2828 3457 2895 ut
3504 2816 3828 2896 lubenter
3879 2821 3945 2896 ei
3993 2822 4430 2900 honorificam

1375 2937 1799 3014 mentionem
1850 2939 2135 3018 tribuat.

1474 3059 1738 3158 Aperta
1784 3059 2050 3138 acidula
2098 3069 2380 3138 ornatae
2430 3061 2926 3163 disputationis
2976 3061 3380 3162 scriptorem
3429 3083 3580 3167 esse
3631 3059 3989 3161 apparuit:

1922 3244 1927 3249 .
2002 3202 2451 3263 nmmum
2487 3204 2854 3263 maroc-H
2891 3204 3082 3262 ms
3116 3204 3276 3263 ΠΝ
3313 3200 3794 3274 murman,
3838 3174 3858 3191 ⁹

2044 3296 2263 3368 Discipl.
2300 3296 2469 3355 Most.
2505 3300 2558 3353 et
2587 3297 2754 3367 Phys.
2785 3300 2843 3355 in
2881 3298 3052 3356 Acad.
3085 3292 3556 3372 hydam-Baiana
3595 3298 3759 3359 Ouad-

1468 3427 1781 3505 Alterius
1856 3434 2210 3533 responsi,
2282 3436 2399 3511 cui
2475 3435 2852 3512 honorifica
2923 3436 3186 3512 mentio
3255 3460 3581 3513 concessa
3665 3444 3809 3526 est,
3883 3436 4286 3537 scriptorem
4355 3462 4425 3513 ae

1368 3546 1735 3625 indicavit:

2266 3671 2578 3731 ALLARD
2612 3672 2998 3735 HENRIcus
3032 3674 3193 3735 VAN
3225 3674 3540 3747 mnu,

2102 3768 2321 3840 Discipl-
2358 3769 2526 3829 uach.
2561 3776 2614 3827 et
2652 3772 2812 3846 Phys.
2849 3776 2906 3831 in
2941 3772 3106 3830 Acad.
3149 3773 3478 3845 Orouinem
3517 3770 3680 3827 Gand-

1468 3901 1583 3974 Ad
1648 3903 1931 3977 alteram
1974 3906 2490 4003 quaestionem:
2565 3908 3108 3984 ‘'Describantur
3155 3932 3400 4008 vespae
3443 3906 3940 3983 Neerlandicae
3978 3907 4052 3983 in
4103 3906 4422 3983 societate

1372 4023 1675 4096 viventes
1748 4030 2023 4123 (vespae
2080 4025 2403 4116 sociales,
2470 4038 2695 4118 auct.;
2767 4030 2868 4113 les
2917 4030 3272 4130 vespiens,
3329 4029 3418 4103 de
3463 4028 3837 4122 Samsure)
3891 4029 3989 4104 ita
4041 4036 4122 4103 ut
4161 4028 4417 4128 species

1367 4152 1685 4218 accurate
1751 4142 2169 4218 definiantur
2236 4154 2309 4219 et
2373 4148 2504 4221 loci
2565 4148 2691 4245 qui
2751 4148 3048 4249 singulis
3113 4151 3188 4224 in
3239 4147 3472 4249 patria
3530 4156 3764 4223 nostra
3811 4148 4210 4225 habitaculo
4259 4147 4414 4223 sint.

1368 4264 1549 4337 Tum
1604 4272 1956 4338 enarretur
1998 4264 2427 4365 singularum
2477 4267 2860 4366 specierum
2911 4270 3092 4345 vitae
3131 4270 3308 4345 ratio
3329 4328 3348 4359 ,
3395 4268 3724 4344 nidorum
3765 4275 4113 4344 structura
4133 4326 4154 4357 ‚
4203 4275 4414 4343 meta-

1370 4383 1770 4482 morphosis,
1823 4424 1921 4441 --
1974 4384 2612 4476 DelineationibuS,
2678 4388 3218 4488 speciminibus,
3269 4388 3690 4489 praeparatis
3737 4388 3996 4463 additis
4049 4388 4412 4488 descriptio

1360 4503 1815 4579 illustretur.''

1464 4624 1659 4699 Ordo
1716 4650 1927 4701 unam
1992 4628 2259 4728 accepit
2322 4629 2973 4705 commentationem
2999 4687 3020 4719 ,
3079 4629 3380 4705 Bonneti
3426 4628 3654 4705 verbis
3707 4626 4152 4727 insignitam:
4209 4628 4408 4704 nPar·

1362 4752 1516 4817 tout
1584 4744 1685 4819 les
1746 4754 1959 4821 terres
2002 4754 2075 4821 et
2120 4748 2219 4823 les
2264 4772 2448 4823 mers
2493 4757 2652 4821 sont
2700 4747 3030 4848 peuplees
3075 4749 3162 4823 de
3209 4749 3480 4849 plantes
3533 4756 3606 4823 et
3653 4748 4052 4825 d’animaux
4100 4748 4274 4823 dont
4312 4747 4407 4823 les

1367 4860 1644 4961 especes
1693 4863 2088 4939 infiniment
2137 4866 2395 4941 varices
2443 4867 2881 4942 assortissent
2929 4866 2972 4942 ὲ
3019 4868 3285 4968 chaque
3336 4868 3546 4945 lieu.”
