4942 6175
1418 671 1546 740 146
2529 665 2596 732 F.
2665 664 2738 730 Z.
2807 660 3372 728 Eumenius

1422 878 1725 952 diversas
1746 935 1767 966 ,
1816 899 1954 950 non
2009 898 2161 950 raro
2201 872 2383 948 inter
2432 895 2506 946 se
2552 869 2926 946 contrarias
2945 925 2966 956 ,
3013 891 3162 942 esse
3208 867 3506 967 prolatas
3527 923 3548 955 ,
3597 863 3758 939 dein
3794 871 4235 964 oppugnatas
4255 923 4276 955 ,
4324 873 4474 940 tan-

1425 999 1587 1073 dem
1623 995 1947 1072 abiectas.
2046 991 2692 1068 Animadvertimus
2733 989 3096 1088 plerosque
3139 997 3448 1086 tempore
3466 1044 3487 1075 ,
3539 1009 3680 1083 quo
3721 983 4048 1072 vixerint,
4084 983 4470 1084 opiniones,

1424 1117 1683 1218 quibus
1759 1113 2019 1191 addicti
2093 1119 2366 1201 essent,
2416 1121 2748 1208 tanquam
2817 1109 3098 1182 firmum
3175 1105 3346 1205 quid
3397 1112 3470 1178 et
3521 1104 4008 1178 inconcussum
4064 1103 4470 1203 protulisse,

1425 1243 1735 1336 posteros
1806 1257 1965 1308 vero
2030 1232 2163 1307 ista
2230 1233 2425 1309 ὄντα
2487 1229 2625 1302 illis
2691 1229 2834 1302 viss
2899 1226 2989 1302 ad
3058 1227 3159 1301 τά
3222 1223 3612 1302 δοκοῦντα
3675 1222 4007 1324 repulisse
4028 1280 4049 1312 ,
4113 1224 4219 1298 vel
4267 1223 4466 1299 etiam

1424 1379 1649 1430 meros
1716 1377 1975 1428 errores
2034 1376 2187 1426 esse
2246 1348 2632 1426 ostendisse
2651 1405 2672 1436 ,
2741 1371 2920 1445 quae
2980 1345 3456 1420 decessoribus
3519 1341 3710 1418 omni
3761 1341 3976 1416 dubio
4027 1341 4285 1417 maiora
4337 1343 4472 1418 visa

1420 1481 1643 1548 aaut.
1716 1515 1819 1534 —
1887 1469 2165 1550 Quodsi
2229 1477 2463 1544 tamen
2523 1465 2938 1541 existimetis
2958 1523 2980 1555 ,
3045 1467 3132 1540 A.
3177 1465 3304 1540 ΑΛ
3358 1463 3682 1538 historiae
3732 1460 4117 1537 medicinae
4167 1462 4474 1538 studium

1426 1616 1512 1668 eo
1556 1617 1673 1666 me
1725 1589 2075 1689 redegisse
2094 1648 2113 1678 ,
2184 1599 2263 1664 ut
2302 1587 2488 1663 firmi
2533 1587 2709 1662 nihil
2753 1587 2886 1662 arti
2933 1594 3005 1660 et
3049 1585 3400 1660 doctrinae
3445 1581 3750 1659 medicae
3801 1581 4026 1656 inesse
4073 1582 4314 1682 opiner
4331 1640 4351 1670 ‚
4401 1589 4476 1655 ut

1422 1709 1660 1786 omnia
1717 1709 1908 1783 fluxa
1966 1717 2041 1782 et
2094 1707 2444 1784 instabilia
2495 1733 2646 1782 esse
2695 1707 3027 1795 arbitrer,
3079 1731 3256 1805 quse
3305 1705 3378 1780 in
3429 1731 3512 1781 ea
3555 1703 3970 1790 doceantur,
4022 1701 4342 1800 iniquum
4389 1701 4475 1776 de

1432 1855 1547 1906 me
1617 1827 1854 1902 feretis
1932 1827 2293 1902 iudicium.
2394 1827 2744 1926 Equidem
2820 1827 2961 1900 duo
3029 1849 3178 1899 esse
3231 1823 3453 1898 sentio
3473 1883 3493 1913 ,
3563 1847 3742 1922 quae
3794 1820 4008 1922 probe
4058 1820 4477 1920 distinguere

1431 1956 1783 2050 oporteat:
1860 1954 2027 2022 sunt
2094 1955 2329 2024 autem
2398 1972 2510 2022 res
2569 1945 2762 2046 ipsse
2823 1953 2894 2019 et
2961 1945 3114 2043 ipsa
3177 1942 3693 2042 phaenomena,
3761 1951 3834 2016 et
3874 1939 3964 2016 ab
4031 1941 4244 2016 altera
4294 1949 4480 2040 parte

1428 2093 1659 2144 rerum
1726 2075 1797 2142 et
1862 2067 2502 2166 phaenomenorum
2555 2063 3085 2163 contemplati0‚
3155 2088 3334 2162 quae
3383 2063 3474 2138 ad
3523 2062 3770 2136 borum
3817 2061 4184 2161 praecipue
4233 2061 4480 2136 intelli·

1430 2185 1737 2287 gentiam
1808 2183 1987 2259 viam
2054 2191 2355 2271 ntorum
2426 2185 2666 2282 itaque
2730 2207 2962 2257 rerum
3029 2192 3102 2256 et
3151 2181 3494 2256 factorum
3541 2180 3930 2256 observatio
3974 2189 4046 2254 et
4101 2181 4484 2280 excogitata

1436 2307 1527 2381 de
1592 2304 1973 2379 observatis
2036 2304 2484 2383 theoremate.
2585 2303 2680 2376 Bt
2729 2301 2900 2401 quin
2949 2301 3024 2380 in
3079 2301 3424 2376 medicina
3466 2301 3656 2399 quod
3695 2299 3946 2378 attinet
3987 2300 4080 2376 ad
4137 2325 4367 2378 rerum
4413 2309 4484 2375 et

1434 2425 1775 2502 factorum
1834 2423 2385 2501 observationem
2450 2423 2762 2522 insignes
2822 2447 3226 2522 progressus
3285 2422 3427 2496 sint
3473 2421 3639 2496 facti
3657 2478 3678 2509 ‚
3743 2419 3980 2498 nuum
4027 2443 4160 2520 ego
4201 2419 4480 2508 dubito3

1434 2545 1557 2619 sed
1600 2545 1673 2618 in
1715 2545 2171 2644 plurimorum
2220 2543 2855 2644 phaenomenorum
2891 2541 3456 2642 interpretatione
3489 2539 3738 2641 partim
3779 2539 3982 2639 plane
4021 2539 4446 2615 mtimus
4461 2597 4480 2628 ,

1432 2663 1685 2764 partim
1778 2663 2031 2740 misere
2114 2687 2285 2737 sene
2367 2663 2776 2743 etiamnunc
2867 2662 3392 2739 hallucinamur.
3531 2659 4058 2735 Prudmtiorem
4141 2659 4486 2738 neminem

1436 2783 1629 2882 quod
1694 2781 1842 2855 dixi
1894 2805 2046 2856 esse
2120 2789 2538 2882 negaturum
2601 2779 2898 2856 confido.
2997 2781 3262 2860 Verum
3321 2781 3382 2856 si
3429 2779 3620 2854 haud
3668 2779 3874 2879 plene
3920 2775 4172 2854 falsum
4225 2779 4300 2852 id
4347 2787 4481 2866 est,

1436 2899 1629 2976 aliud
1695 2898 1869 2998 quid
1930 2898 2243 2999 legitimo
2316 2897 2672 2978 ratiocinio
2733 2897 2896 2972 inde
2953 2897 3326 2972 deduxeris
3345 2956 3368 2988 ,
3413 2901 3606 2998 quod
3649 2901 3786 2976 alie
3829 2908 4116 3000 spectat.
4213 2900 4484 2976 Scilicet

1438 3045 1579 3099 non
1645 3043 1919 3120 semper
1968 3018 2121 3095 iure
2172 3019 2245 3095 in
2288 3019 2618 3097 omnibus
2667 3018 2886 3094 nostri
2933 3017 3086 3095 aevi
3133 3019 3390 3095 eruditi
3431 3027 3668 3099 nostra
3707 3021 3877 3097 hese
3921 3027 4239 3121 tempora
4283 3019 4490 3099 tentis

1436 3142 1783 3219 extollunt
1860 3140 2193 3217 encomiis
2214 3199 2235 3230 ,
2308 3140 2512 3240 quasi
2583 3149 2776 3217 aetas
2841 3147 3076 3217 nostra
3147 3139 3288 3215 ism
3359 3140 3594 3215 omnis
3653 3141 3726 3215 in
3791 3150 4124 3241 promptu
4173 3140 4486 3229 habent,

1438 3287 1620 3363 quae
1660 3260 1829 3335 olim
1874 3260 2137 3335 frustra
2178 3260 2494 3360 quaesita
2547 3262 2688 3337 sint
2707 3320 2728 3351 ,
2779 3260 2982 3360 quasi
3027 3260 3276 3340 veritas
3317 3260 3567 3336 borum
3606 3260 3834 3337 solum
3856 3320 3877 3351 ,
3926 3285 4109 3360 quae
4161 3260 4490 3349 vivimus,

1444 3383 1537 3457 sit
1586 3390 1979 3481 temporum
1999 3437 2022 3470 ,
2071 3424 2171 3447 -··
2214 3387 2457 3457 contre
2509 3380 2942 3480 repudianda
2991 3379 3138 3455 sint
3179 3382 3454 3471 omnis,
3503 3406 3685 3480 quae
3731 3381 4124 3457 ἁοοοεοοια
4165 3380 4490 3468 viderint,

1440 3500 1934 3601 cogitaverint,
2002 3500 2421 3600 scripserint.
2517 3502 2676 3579 lmo
2741 3524 2900 3576 vero
2965 3510 3263 3578 aetatem
3331 3508 3639 3577 umnam
3709 3502 3800 3576 de
3853 3526 3930 3577 se
3990 3500 4328 3581 indicium
4383 3500 4494 3573 vix

1442 3623 1619 3697 ferre
1702 3646 1903 3721 posse
1968 3620 2353 3711 contende3
2422 3665 2530 3687 .-
2601 3619 2938 3695 iudicium
3019 3620 3194 3704 illud
3271 3620 3564 3720 posteris
3631 3626 3978 3718 competet
4051 3628 4126 3695 et
4197 3619 4492 3693 multum

1446 3766 1678 3817 vereor
1735 3766 1833 3817 ne
1892 3741 2210 3817 futurum
2277 3740 2413 3831 sit,
2487 3748 2570 3816 ut
2614 3739 2741 3840 qui
2791 3748 3096 3815 nostram
3157 3749 3456 3817 aetatem
3502 3741 3790 3815 demum
3839 3740 4074 3815 omnia
4129 3739 4308 3814 scine
4351 3738 4491 3838 opi-

1448 3870 1703 3935 nentur
1791 3887 1833 3936 a
1934 3861 2307 3961 nepotibus
2388 3860 2618 3961 lepide
2691 3858 3069 3934 rideantur.
3187 3859 3404 3937 Hunc
3489 3886 3624 3961 ego
3695 3868 4022 3937 eventum
4094 3860 4491 3960 praesideo,

1450 3978 1589 4053 nisi
1643 3978 1817 4053 forte
1876 3979 2187 4055 homines
2240 3979 2806 4080 circumspectius
2859 3978 2950 4053 de
3003 4002 3216 4077 seque
3257 3979 3554 4079 aliisque
3595 3980 3902 4057 iudicare
3953 3980 4260 4069 discant3
4311 3978 4498 4079 quod

1450 4122 1624 4173 num
1690 4121 1967 4195 sperare
2022 4097 2225 4171 licent
2242 4156 2263 4187 ,
2328 4123 2549 4196 paene
2607 4098 3058 4176 dubitaveris.
3174 4101 3469 4179 Mutatis
3520 4100 3706 4175 enim
3757 4100 4190 4200 temporibus
4235 4108 4497 4175 mutato

1452 4216 1739 4291 forsitan
1808 4214 2093 4295 nomine
2150 4215 2395 4293 eadem
2458 4220 2694 4317 agitur
2751 4217 3032 4292 fabulas
3098 4218 3278 4301 alius
3332 4220 3738 4321 prudentior
3801 4230 3949 4309 est,
4012 4220 4190 4296 alius
4237 4219 4496 4319 impru-

1452 4337 1767 4425 dentior,
1836 4334 2015 4413 alius
2082 4335 2219 4411 alio
2280 4336 2701 4425 maioribus,
2771 4336 3156 4413 minoribns
3219 4340 3576 4438 praeditus
3621 4348 3728 4416 est
3773 4339 4220 4423 facultatibus
4241 4398 4260 4429 ,
4326 4340 4496 4415 alius

1450 4482 1619 4557 erga
1681 4456 1853 4531 alios
1926 4455 2213 4556 aequior
2228 4513 2253 4549 ‚
2314 4456 2492 4532 alius
2541 4454 2845 4555 iniquior
2861 4512 2884 4544 ,
2947 4465 3021 4531 et
3065 4456 3323 4533 alienas
3365 4458 3608 4538 laudes
3656 4472 3728 4533 et
3783 4457 4074 4533 virtutes
4121 4458 4494 4532 detrectare

1454 4600 1565 4650 res
1624 4584 1731 4650 est
1752 4633 1773 4665 ,
1836 4599 2015 4676 quae
2078 4585 2159 4651 ut
2220 4600 2532 4675 unquam
2596 4586 2962 4653 evene-cat
3017 4600 3159 4653 non
3199 4576 3456 4653 iniuria
3502 4584 3796 4653 metues.
3893 4578 3996 4653 At
4045 4577 4108 4653 si
4147 4576 4328 4677 quid
4369 4576 4494 4664 sit,

1452 4696 1647 4794 quod
1688 4696 1952 4770 efficere
1995 4697 2218 4795 possit
2264 4704 2347 4777 ut
2396 4696 2660 4775 malum
2703 4694 2838 4771 hoo
2879 4696 3225 4773 recidatur
3263 4707 3336 4772 et
3379 4696 3612 4779 minus
3661 4698 3802 4773 late
3841 4704 4072 4797 serpat
4089 4754 4112 4787 ,
4159 4695 4298 4777 etit
4337 4720 4496 4773 saue

1454 4815 1778 4891 historiae
1846 4814 2103 4891 artium
2171 4824 2249 4892 et
2310 4814 2830 4915 disciplinarum
2909 4816 3222 4891 studium
3241 4874 3263 4905 ,
3331 4840 3474 4915 qno
3537 4817 3782 4894 saltem
3848 4842 3938 4895 eo
3997 4816 4362 4906 ducimur,
4425 4822 4500 4889 ut
