4942 6175
1245 863 3029 1044 ORDOLEGTIONUM

1932 1115 2351 1162 naumurum

608 1395 617 1402 ⁷
706 1299 853 1386 IN
928 1297 1629 1383 ILLUSTBI
1700 1297 2665 1384 DAVENTBIAE
2736 1291 3558 1393 ATHENAEO,

816 1533 877 1583 Δ.
898 1531 960 1582 n.
983 1511 1140 1581 xx‘v1
1162 1531 1334 1584 ΒΗΤ.
1360 1509 1434 1582 Ἀ.
1473 1529 1905 1583 emmeccuv
1935 1529 2151 1597 usqua
2172 1531 2261 1582 AD
2283 1529 2517 1582 ramas
2537 1528 2846 1580 AESTIVAS
2866 1528 2928 1578 A,
2951 1525 3429 1579 emmonem

1390 1713 1741 1787 Rae-roan
1794 1715 1875 1786 M
1880 1735 2048 1787 aas.
2102 1715 2160 1788 Ι.
2216 1713 2420 1786 VAN
2468 1711 2877 1786 VLOTEN.

624 2171 677 2231 1.
716 2167 885 2229 VAN
926 2170 1245 2232 vm'rEN
1258 2216 1275 2244 ,
1346 2159 1571 2233 Theol.
1634 2161 1829 2234 Dect.
1847 2217 1868 2247 ‚
1924 2160 2099 2233 Litt.
2166 2159 2542 2234 Neerland.
2605 2167 2677 2234 et
2742 2159 2933 2234 Hice.
2983 2159 3280 2233 Patriae

718 2277 1088 2372 Professor
1105 2337 1126 2367 ,
1174 2280 1239 2354 h.
1287 2287 1339 2354 t.
1393 2279 1647 2353 Rector
1702 2280 2116 2378 Maynfficus
2135 2336 2156 2367 ,
2218 2278 2566 2378 Linguam
2611 2277 3010 2378 litterasque
3059 2277 3276 2354 Neer·

618 2459 625 2467 .
722 2396 1025 2470 landicas
1093 2405 1167 2472 et
1222 2396 1381 2472 Stili
1447 2395 1892 2472 Neerlandici
1958 2405 2321 2497 praecepta
2382 2396 2753 2496 explicabit
2815 2397 3063 2474 diebus
3134 2399 3276 2473 Lu-

722 2537 853 2590 nae
873 2573 893 2603 ‚
948 2517 1195 2592 Martis
1242 2519 1313 2592 'et
1360 2516 1733 2606 Mercurii,
1782 2517 1951 2591 hora
2028 2573 2990 2596 ..............
3039 2555 3063 2593 2
3119 2576 3136 2592 .
3191 2577 3208 2594 .
3264 2576 3282 2593 .

820 2634 1203 2711 Historiam
1254 2635 1515 2736 patriae
1565 2637 1789 2711 tradet
1841 2635 2089 2711 diebus
2135 2637 2379 2712 Lunae
2428 2643 2500 2711 et
2545 2637 2796 2712 Martis
2823 2692 3284 2714 .......

1018 2765 1090 2830 et
1137 2756 1250 2830 die
1296 2755 1655 2845 Mercurii,
1709 2757 1874 2831 hora
1946 2811 3283 2834 ...................

816 2874 1162 2950 Exercitia
1239 2875 1531 2952 oratoria
1593 2873 2061 2952 moderabitur
2136 2875 2384 2951 diebus
2456 2883 2528 2951 et
2601 2877 2786 2952 horis
2851 2875 3286 2952 auditoribus

926 2995 1327 3070 commodis.

818 3112 1151 3189 Privatim
1233 3116 1570 3214 explicare
1644 3116 2083 3191 continuabit
2154 3117 2339 3193 varia
2408 3118 2827 3194 Litterarum
2905 3117 3282 3217 patriarum

923 3257 1319 3330 specimina.

822 3352 1361 3457 Grammaticam
1386 3352 1753 3427 Gothicam
1770 3360 1843 3427 et
1864 3355 2405 3430 Grammaticam
2434 3354 2832 3454 litterasque
2853 3356 3283 3455 Anglosaxo-

917 3472 1107 3545 nicas
1160 3472 1693 3569 provectioribus
1740 3472 2009 3562 tradet,
2074 3474 2321 3547 diebus
2364 3475 2608 3550 Lunae
2655 3484 2726 3550 et
2779 3476 3066 3563 Martis,
3113 3474 3282 3548 hora

820 3590 1181 3667 Lectiones
1256 3590 1569 3688 publicas
1640 3592 1961 3681 habebit,
2038 3601 2343 3693 tempore
2429 3595 2723 3670 hiberno
2743 3653 2764 3685 ,
2834 3595 3002 3670 hora
3045 3604 3118 3669 et
3170 3593 3284 3669 die

923 3718 1163 3809 postea
1209 3708 1623 3785 indicandis.
3111 3768 3124 3781 ·

702 3906 711 3913 ,
818 3826 1143 3927 Logicam
1191 3826 1466 3902 docebit
1514 3828 1761 3903 diebus
1808 3829 2051 3903 Lunae
2098 3839 2169 3905 et
2221 3831 2468 3906 Martis
2485 3892 2505 3921 ,
2557 3833 2724 3908 hora
2807 3890 3256 3909 .......

630 3960 697 4022 P.
736 3958 1123 4033 BOSSCHA,
1165 3944 1353 4023 Phil.
1408 3949 1646 4022 Theor.
1678 3950 1870 4046 May.
1920 3948 2094 4023 Litt.
2133 3950 2339 4025 Ham.
2380 3959 2453 4026 et
2487 3952 2638 4029 Iur.
2693 3954 2994 4054 Utriusq.
3041 3955 3276 4042 Dect„

729 4067 933 4157 Prof.
984 4070 1382 4143 honorarius
1401 4125 1420 4155 ,
1484 4066 1865 4141 Historiam
1919 4068 2363 4165 recentiorem
2415 4080 2545 4145 aut
2603 4071 2908 4172 aliquam
2961 4082 3270 4147 veterum

726 4187 1075 4262 literarum
1145 4198 1411 4288 partem
1477 4186 1723 4261 lubens
1772 4186 2333 4263 desiderantibus
2378 4190 2790 4289 explicabit,
2861 4191 3047 4265 horis
3111 4216 3274 4266 oum

731 4306 1165 4383 auditoribus
1212 4306 1725 4382 conveniendis.

826 4427 1187 4502 Praeterea
1230 4427 1557 4501 lectiones
1588 4425 1900 4526 publicas
1944 4426 2238 4501 habebit
2275 4428 2363 4502 de
2396 4429 2630 4528 aliquo
2671 4428 2993 4503 historiae
3027 4427 3275 4527 capite.

632 4558 689 4619 1.
727 4556 1117 4618 norman
1158 4560 1326 4619 vm
1364 4556 1641 4631 Twls'r,
1702 4547 1859 4620 Iur.
1940 4546 2136 4622 Rom.
2204 4555 2279 4622 et
2338 4548 2681 4624 Hodierna·
2753 4550 3047 4637 Ductor,
3122 4549 3277 4624 Iar.

662 4664 667 4669 ’
727 4666 1136 4760 Professor,
1205 4664 1691 4740 Institutiones
1757 4665 2223 4742 Iustinianeas
2285 4668 2657 4767 explicabit
2703 4668 2952 4743 diebus
2993 4668 3272 4758 Lunae,

733 4786 1019 4880 Martis,
1067 4785 1400 4859 Mercurii
1445 4796 1517 4859 et
1564 4782 1783 4874 Iovis,
1834 4784 2001 4861 hora
2074 4844 2109 4905 ,Ι
2168 4844 3272 4867 ................

3535 2513 3672 2590 IX.

3467 2635 3674 2709 VIII.

3494 3470 3667 3549 XII.
