<?xml version="1.0" encoding="UTF-8"?>
<!DOCTYPE html PUBLIC "-//W3C//DTD XHTML 1.0 Transitional//EN"
    "http://www.w3.org/TR/xhtml1/DTD/xhtml1-transitional.dtd">
<html xmlns="http://www.w3.org/1999/xhtml" xml:lang="en" lang="en">
 <head>
  <title>
</title>
<meta http-equiv="Content-Type" content="text/html;charset=utf-8" />
  <meta name='ocr-system' content='tesseract 3.04.00' />
  <meta name='ocr-capabilities' content='ocr_page ocr_carea ocr_par ocr_line ocrx_word'/>
</head>
<body>
  <div class='ocr_page' id='page_1' title='image "annalesacademic19unkngoog_0116.png"; bbox 0 0 4942 6175; ppageno 0'>
   <div class='ocr_carea' id='block_1_1' title="bbox 1419 646 3313 717">
    <p class='ocr_par' dir='ltr' id='par_1_1' title="bbox 1419 646 3313 717">
     <span class='ocr_line' id='line_1_1' title="bbox 1419 646 3313 717; baseline -0.004 0"><span class='ocrx_word' id='word_1_1' title='bbox 1419 652 1546 717; x_wconf 79' lang='lat'><strong>102</strong></span> <span class='ocrx_word' id='word_1_2' title='bbox 2576 648 2625 713; x_wconf 91' lang='lat'><strong>1.</strong></span> <span class='ocrx_word' id='word_1_3' title='bbox 2718 646 3313 716; x_wconf 73' lang='lat' dir='ltr'>A.FRU1N</span> 
     </span>
    </p>
   </div>
   <div class='ocr_carea' id='block_1_2' title="bbox 1417 850 4472 1665">
    <p class='ocr_par' dir='ltr' id='par_1_2' title="bbox 1417 850 4472 1665">
     <span class='ocr_line' id='line_1_2' title="bbox 1421 850 4467 958; baseline -0.002 -25"><span class='ocrx_word' id='word_1_4' title='bbox 1421 866 1504 933; x_wconf 89' lang='lat' dir='ltr'><strong>ut</strong></span> <span class='ocrx_word' id='word_1_5' title='bbox 1549 882 1750 958; x_wconf 90' lang='lat' dir='ltr'><strong>saepe</strong></span> <span class='ocrx_word' id='word_1_6' title='bbox 1789 858 1862 931; x_wconf 93' lang='lat' dir='ltr'>in</span> <span class='ocrx_word' id='word_1_7' title='bbox 1910 881 1985 932; x_wconf 91' lang='lat' dir='ltr'><strong>re</strong></span> <span class='ocrx_word' id='word_1_8' title='bbox 2030 856 2385 955; x_wconf 85' lang='lat' dir='ltr'><strong>desperata</strong></span> <span class='ocrx_word' id='word_1_9' title='bbox 2429 853 2852 929; x_wconf 77' lang='lat' dir='ltr'><strong>exclament:</strong></span> <span class='ocrx_word' id='word_1_10' title='bbox 2906 853 3145 928; x_wconf 87' lang='lat' dir='ltr'><strong>Davus</strong></span> <span class='ocrx_word' id='word_1_11' title='bbox 3196 876 3327 953; x_wconf 84' lang='lat' dir='ltr'>ego</span> <span class='ocrx_word' id='word_1_12' title='bbox 3374 876 3531 927; x_wconf 89' lang='lat' dir='ltr'><strong>sum</strong></span> <span class='ocrx_word' id='word_1_13' title='bbox 3554 910 3575 942; x_wconf 89' lang='lat'>,</span> <span class='ocrx_word' id='word_1_14' title='bbox 3626 876 3763 927; x_wconf 91' lang='lat' dir='ltr'>non</span> <span class='ocrx_word' id='word_1_15' title='bbox 3813 850 4151 951; x_wconf 79' lang='lat' dir='ltr'><strong>Oedipus.</strong></span> <span class='ocrx_word' id='word_1_16' title='bbox 4226 852 4467 951; x_wconf 89' lang='lat' dir='ltr'><strong>thue</strong></span> 
     </span>
     <span class='ocr_line' id='line_1_3' title="bbox 1417 970 4461 1076; baseline -0.002 -23"><span class='ocrx_word' id='word_1_17' title='bbox 1417 979 1614 1053; x_wconf 86' lang='lat' dir='ltr'><strong>aliud</strong></span> <span class='ocrx_word' id='word_1_18' title='bbox 1683 978 2076 1076; x_wconf 75' lang='lat' dir='ltr'><strong>exemplum</strong></span> <span class='ocrx_word' id='word_1_19' title='bbox 2149 998 2547 1051; x_wconf 79' lang='lat' dir='ltr'>sumamus:</span> <span class='ocrx_word' id='word_1_20' title='bbox 2620 972 2793 1072; x_wconf 89' lang='lat' dir='ltr'><strong>quid</strong></span> <span class='ocrx_word' id='word_1_21' title='bbox 2860 972 3317 1049; x_wconf 78' lang='lat' dir='ltr'><strong>iudicandum</strong></span> <span class='ocrx_word' id='word_1_22' title='bbox 3388 981 3497 1049; x_wconf 88' lang='lat' dir='ltr'><strong>est</strong></span> <span class='ocrx_word' id='word_1_23' title='bbox 3570 972 3661 1047; x_wconf 93' lang='lat' dir='ltr'><strong>de</strong></span> <span class='ocrx_word' id='word_1_24' title='bbox 3726 971 3875 1047; x_wconf 82' lang='lat' dir='ltr'><strong>iure</strong></span> <span class='ocrx_word' id='word_1_25' title='bbox 3934 970 4461 1071; x_wconf 78' lang='lat' dir='ltr'><strong>Obligationum</strong></span> 
     </span>
     <span class='ocr_line' id='line_1_4' title="bbox 1419 1090 4465 1192; baseline -0.001 -20"><span class='ocrx_word' id='word_1_26' title='bbox 1419 1098 1860 1172; x_wconf 73' lang='lat' dir='ltr'><strong>dividuas-um</strong></span> <span class='ocrx_word' id='word_1_27' title='bbox 1927 1105 1997 1169; x_wconf 91' lang='lat' dir='ltr'><strong>et</strong></span> <span class='ocrx_word' id='word_1_28' title='bbox 2067 1095 2621 1182; x_wconf 78' lang='lat' dir='ltr'><strong>individuarum,</strong></span> <span class='ocrx_word' id='word_1_29' title='bbox 2691 1090 2882 1192; x_wconf 91' lang='lat' dir='ltr'><strong>quod</strong></span> <span class='ocrx_word' id='word_1_30' title='bbox 2927 1093 3003 1168; x_wconf 91' lang='lat' dir='ltr'><strong>in</strong></span> <span class='ocrx_word' id='word_1_31' title='bbox 3058 1092 3315 1169; x_wconf 80' lang='lat' dir='ltr'>Codice</span> <span class='ocrx_word' id='word_1_32' title='bbox 3358 1101 3595 1169; x_wconf 84' lang='lat' dir='ltr'>nostro</span> <span class='ocrx_word' id='word_1_33' title='bbox 3640 1092 3741 1167; x_wconf 87' lang='lat' dir='ltr'><strong>ita</strong></span> <span class='ocrx_word' id='word_1_34' title='bbox 3790 1091 4076 1169; x_wconf 80' lang='lat' dir='ltr'><strong>confuse</strong></span> <span class='ocrx_word' id='word_1_35' title='bbox 4095 1149 4117 1182; x_wconf 83' lang='lat'><em>,</em></span> <span class='ocrx_word' id='word_1_36' title='bbox 4168 1092 4271 1169; x_wconf 77' lang='lat' dir='ltr'><strong>ita</strong></span> <span class='ocrx_word' id='word_1_37' title='bbox 4320 1092 4465 1169; x_wconf 82' lang='lat' dir='ltr'><strong>sine</strong></span> 
     </span>
     <span class='ocr_line' id='line_1_5' title="bbox 1423 1212 4472 1313; baseline -0.001 -21"><span class='ocrx_word' id='word_1_38' title='bbox 1423 1218 1566 1293; x_wconf 87' lang='lat' dir='ltr'><strong>ulla</strong></span> <span class='ocrx_word' id='word_1_39' title='bbox 1607 1217 1874 1292; x_wconf 79' lang='lat' dir='ltr'><strong>ratione</strong></span> <span class='ocrx_word' id='word_1_40' title='bbox 1911 1225 2275 1291; x_wconf 84' lang='lat' dir='ltr'><strong>tractatum</strong></span> <span class='ocrx_word' id='word_1_41' title='bbox 2322 1222 2430 1289; x_wconf 82' lang='lat' dir='ltr'><strong>est</strong></span> <span class='ocrx_word' id='word_1_42' title='bbox 2450 1270 2488 1305; x_wconf 83' lang='lat'><strong>,.</strong></span> <span class='ocrx_word' id='word_1_43' title='bbox 2514 1222 2592 1288; x_wconf 91' lang='lat' dir='ltr'><strong>ut</strong></span> <span class='ocrx_word' id='word_1_44' title='bbox 2632 1238 2787 1289; x_wconf 74' lang='lat' dir='ltr'><strong>vere</strong></span> <span class='ocrx_word' id='word_1_45' title='bbox 2830 1214 3101 1289; x_wconf 80' lang='lat' dir='ltr'><strong>dicatur</strong></span> <span class='ocrx_word' id='word_1_46' title='bbox 3142 1212 3651 1312; x_wconf 73' lang='lat' dir='ltr'><strong>Labyrinthus,</strong></span> <span class='ocrx_word' id='word_1_47' title='bbox 3696 1238 3907 1313; x_wconf 87' lang='lat' dir='ltr'><strong>quem</strong></span> <span class='ocrx_word' id='word_1_48' title='bbox 3946 1234 4037 1289; x_wconf 87' lang='lat' dir='ltr'><strong>ne</strong></span> <span class='ocrx_word' id='word_1_49' title='bbox 4072 1212 4472 1289; x_wconf 79' lang='lat' dir='ltr'><strong>Molinaeus</strong></span> 
     </span>
     <span class='ocr_line' id='line_1_6' title="bbox 1419 1326 4463 1437; baseline -0.001 -26"><span class='ocrx_word' id='word_1_50' title='bbox 1419 1337 1702 1437; x_wconf 88' lang='lat' dir='ltr'><strong>quidem</strong></span> <span class='ocrx_word' id='word_1_51' title='bbox 1753 1362 1827 1411; x_wconf 89' lang='lat' dir='ltr'><strong>se</strong></span> <span class='ocrx_word' id='word_1_52' title='bbox 1883 1337 2214 1411; x_wconf 77' lang='lat' dir='ltr'><strong>extrimre</strong></span> <span class='ocrx_word' id='word_1_53' title='bbox 2261 1360 2466 1435; x_wconf 82' lang='lat' dir='ltr'>posse</span> <span class='ocrx_word' id='word_1_54' title='bbox 2516 1334 3002 1433; x_wconf 74' lang='lat' dir='ltr'>polliceretur?</span> <span class='ocrx_word' id='word_1_55' title='bbox 3102 1326 3286 1409; x_wconf 78' lang='lat' dir='ltr'><strong>Snn‘t</strong></span> <span class='ocrx_word' id='word_1_56' title='bbox 3335 1332 3637 1431; x_wconf 88' lang='lat' dir='ltr'><strong>denique</strong></span> <span class='ocrx_word' id='word_1_57' title='bbox 3686 1356 3811 1433; x_wconf 87' lang='lat' dir='ltr'><strong>per</strong></span> <span class='ocrx_word' id='word_1_58' title='bbox 3860 1340 4089 1409; x_wconf 83' lang='lat' dir='ltr'><strong>totum</strong></span> <span class='ocrx_word' id='word_1_59' title='bbox 4137 1332 4463 1409; x_wconf 72' lang='lat' dir='ltr'><strong>codicem</strong></span> 
     </span>
     <span class='ocr_line' id='line_1_7' title="bbox 1419 1452 4467 1556; baseline -0.001 -24"><span class='ocrx_word' id='word_1_60' title='bbox 1419 1458 1568 1532; x_wconf 89' lang='lat' dir='ltr'><strong>sine</strong></span> <span class='ocrx_word' id='word_1_61' title='bbox 1627 1457 1870 1531; x_wconf 87' lang='lat' dir='ltr'>ordine</span> <span class='ocrx_word' id='word_1_62' title='bbox 1924 1456 2248 1556; x_wconf 79' lang='lat' dir='ltr'><strong>dispersa·</strong></span> <span class='ocrx_word' id='word_1_63' title='bbox 2285 1464 2661 1556; x_wconf 86' lang='lat' dir='ltr'><strong>praecepta.</strong></span> <span class='ocrx_word' id='word_1_64' title='bbox 2699 1454 2791 1529; x_wconf 87' lang='lat' dir='ltr'><strong>de</strong></span> <span class='ocrx_word' id='word_1_65' title='bbox 2834 1454 3170 1554; x_wconf 70' lang='lat' dir='ltr'><strong>negotiis,</strong></span> <span class='ocrx_word' id='word_1_66' title='bbox 3228 1478 3410 1554; x_wconf 91' lang='lat' dir='ltr'><strong>quae</strong></span> <span class='ocrx_word' id='word_1_67' title='bbox 3454 1460 3735 1553; x_wconf 86' lang='lat' dir='ltr'>propter</span> <span class='ocrx_word' id='word_1_68' title='bbox 3780 1453 4083 1553; x_wconf 78' lang='lat' dir='ltr'><strong>aliquem</strong></span> <span class='ocrx_word' id='word_1_69' title='bbox 4124 1452 4299 1529; x_wconf 88' lang='lat' dir='ltr'><strong>iuris</strong></span> <span class='ocrx_word' id='word_1_70' title='bbox 4346 1454 4467 1529; x_wconf 76' lang='lat' dir='ltr'><strong>de·-</strong></span> 
     </span>
     <span class='ocr_line' id='line_1_8' title="bbox 1418 1574 4463 1665; baseline -0.001 -14"><span class='ocrx_word' id='word_1_71' title='bbox 1418 1579 1676 1652; x_wconf 84' lang='lat' dir='ltr'><strong>fectum</strong></span> <span class='ocrx_word' id='word_1_72' title='bbox 1736 1576 2059 1653; x_wconf 84' lang='lat' dir='ltr'><strong>habenda</strong></span> <span class='ocrx_word' id='word_1_73' title='bbox 2107 1584 2274 1651; x_wconf 86' lang='lat' dir='ltr'><strong>sunt</strong></span> <span class='ocrx_word' id='word_1_74' title='bbox 2318 1577 2513 1651; x_wconf 78' lang='lat' dir='ltr'><strong>irrita</strong></span> <span class='ocrx_word' id='word_1_75' title='bbox 2554 1583 2630 1651; x_wconf 90' lang='lat' dir='ltr'><strong>et</strong></span> <span class='ocrx_word' id='word_1_76' title='bbox 2674 1576 2983 1665; x_wconf 84' lang='lat' dir='ltr'><strong>inutilia,</strong></span> <span class='ocrx_word' id='word_1_77' title='bbox 3033 1585 3175 1651; x_wconf 86' lang='lat' dir='ltr'><strong>tam</strong></span> <span class='ocrx_word' id='word_1_78' title='bbox 3220 1575 3515 1651; x_wconf 84' lang='lat' dir='ltr'><strong>obscura</strong></span> <span class='ocrx_word' id='word_1_79' title='bbox 3556 1575 3793 1650; x_wconf 83' lang='lat' dir='ltr'><strong>omnia</strong></span> <span class='ocrx_word' id='word_1_80' title='bbox 3836 1582 3911 1649; x_wconf 86' lang='lat' dir='ltr'><strong>et</strong></span> <span class='ocrx_word' id='word_1_81' title='bbox 3950 1574 4133 1649; x_wconf 87' lang='lat' dir='ltr'><strong>inter</strong></span> <span class='ocrx_word' id='word_1_82' title='bbox 4176 1599 4255 1651; x_wconf 85' lang='lat' dir='ltr'><strong>se</strong></span> <span class='ocrx_word' id='word_1_83' title='bbox 4302 1598 4463 1650; x_wconf 85' lang='lat' dir='ltr'>oon·</span> 
     </span>
    </p>
   </div>
   <div class='ocr_carea' id='block_1_3' title="bbox 1417 1694 4481 1917">
    <p class='ocr_par' dir='ltr' id='par_1_3' title="bbox 1417 1694 4481 1917">
     <span class='ocr_line' id='line_1_9' title="bbox 1419 1694 4479 1795; baseline -0.001 -24"><span class='ocrx_word' id='word_1_84' title='bbox 1419 1698 1666 1786; x_wconf 77' lang='lat' dir='ltr'><strong>traria,</strong></span> <span class='ocrx_word' id='word_1_85' title='bbox 1739 1705 1822 1770; x_wconf 86' lang='lat' dir='ltr'><strong>ut</strong></span> <span class='ocrx_word' id='word_1_86' title='bbox 1887 1696 2120 1771; x_wconf 86' lang='lat' dir='ltr'><strong>irritos</strong></span> <span class='ocrx_word' id='word_1_87' title='bbox 2181 1706 2252 1771; x_wconf 89' lang='lat' dir='ltr'><strong>et</strong></span> <span class='ocrx_word' id='word_1_88' title='bbox 2301 1696 2585 1772; x_wconf 78' lang='lat' dir='ltr'><strong>inutiles</strong></span> <span class='ocrx_word' id='word_1_89' title='bbox 2634 1696 2931 1772; x_wconf 74' lang='lat' dir='ltr'><strong>reddant</strong></span> <span class='ocrx_word' id='word_1_90' title='bbox 2978 1721 3218 1773; x_wconf 85' lang='lat' dir='ltr'><strong>omnes</strong></span> <span class='ocrx_word' id='word_1_91' title='bbox 3272 1695 3905 1771; x_wconf 86' lang='lat' dir='ltr'><strong>lureconsultorum</strong></span> <span class='ocrx_word' id='word_1_92' title='bbox 3960 1694 4479 1795; x_wconf 78' lang='lat' dir='ltr'><strong>interpretandi-</strong></span> 
     </span>
     <span class='ocr_line' id='line_1_10' title="bbox 1417 1816 4481 1917; baseline -0.001 -24"><span class='ocrx_word' id='word_1_93' title='bbox 1417 1825 1730 1893; x_wconf 72' lang='lat' dir='ltr'><strong>conatus.</strong></span> <span class='ocrx_word' id='word_1_94' title='bbox 1847 1818 2120 1895; x_wconf 82' lang='lat' dir='ltr'>Quodsi</span> <span class='ocrx_word' id='word_1_95' title='bbox 2193 1842 2395 1917; x_wconf 92' lang='lat' dir='ltr'>porro</span> <span class='ocrx_word' id='word_1_96' title='bbox 2468 1818 2777 1893; x_wconf 78' lang='lat' dir='ltr'><strong>anim-um</strong></span> <span class='ocrx_word' id='word_1_97' title='bbox 2854 1817 3279 1893; x_wconf 69' lang='lat' dir='ltr'><strong>advertimus</strong></span> <span class='ocrx_word' id='word_1_98' title='bbox 3352 1818 3443 1892; x_wconf 86' lang='lat' dir='ltr'><strong>ad</strong></span> <span class='ocrx_word' id='word_1_99' title='bbox 3524 1816 3859 1893; x_wconf 77' lang='lat' dir='ltr'><strong>codicem</strong></span> <span class='ocrx_word' id='word_1_100' title='bbox 3934 1816 4481 1904; x_wconf 84' lang='lat' dir='ltr'><strong>Mercatorium,.</strong></span> 
     </span>
    </p>
   </div>
   <div class='ocr_carea' id='block_1_4' title="bbox 1419 1932 4459 2037">
    <p class='ocr_par' dir='ltr' id='par_1_4' title="bbox 1419 1932 4459 2037">
     <span class='ocr_line' id='line_1_11' title="bbox 1419 1932 4459 2037; baseline -0.001 -26"><span class='ocrx_word' id='word_1_101' title='bbox 1419 1938 1602 2012; x_wconf 79' lang='lat' dir='ltr'><strong>idem</strong></span> <span class='ocrx_word' id='word_1_102' title='bbox 1674 1937 1876 2036; x_wconf 89' lang='lat' dir='ltr'><strong>plane</strong></span> <span class='ocrx_word' id='word_1_103' title='bbox 1934 1936 2304 2036; x_wconf 81' lang='lat' dir='ltr'><strong>praebetur</strong></span> <span class='ocrx_word' id='word_1_104' title='bbox 2351 1938 2819 2037; x_wconf 75' lang='lat' dir='ltr'><strong>spectaculum</strong></span> <span class='ocrx_word' id='word_1_105' title='bbox 2873 1936 2979 2011; x_wconf 93' lang='lat' dir='ltr'><strong>vel</strong></span> <span class='ocrx_word' id='word_1_106' title='bbox 3024 1936 3259 2035; x_wconf 83' lang='lat' dir='ltr'>potius</span> <span class='ocrx_word' id='word_1_107' title='bbox 3314 1936 3595 2011; x_wconf 75' lang='lat' dir='ltr'><strong>eoedem</strong></span> <span class='ocrx_word' id='word_1_108' title='bbox 3650 1934 4073 2034; x_wconf 76' lang='lat' dir='ltr'><strong>praebentur</strong></span> <span class='ocrx_word' id='word_1_109' title='bbox 4113 1932 4459 2009; x_wconf 58' lang='lat' dir='ltr'><strong>tenebram</strong></span> 
     </span>
    </p>
   </div>
   <div class='ocr_carea' id='block_1_5' title="bbox 1417 2054 4481 2275">
    <p class='ocr_par' dir='ltr' id='par_1_5' title="bbox 1417 2054 4481 2275">
     <span class='ocr_line' id='line_1_12' title="bbox 1417 2054 4481 2156; baseline -0 -26"><span class='ocrx_word' id='word_1_110' title='bbox 1417 2058 1504 2130; x_wconf 88' lang='lat' dir='ltr'><strong>In</strong></span> <span class='ocrx_word' id='word_1_111' title='bbox 1569 2058 1731 2129; x_wconf 67' lang='lat' dir='ltr'><strong>Iure</strong></span> <span class='ocrx_word' id='word_1_112' title='bbox 1797 2056 2142 2131; x_wconf 83' lang='lat' dir='ltr'><strong>Cambiali</strong></span> <span class='ocrx_word' id='word_1_113' title='bbox 2205 2057 2565 2156; x_wconf 71' lang='lat' dir='ltr'><strong>ignoratur</strong></span> <span class='ocrx_word' id='word_1_114' title='bbox 2632 2055 2901 2144; x_wconf 82' lang='lat' dir='ltr'><strong>adhuc,</strong></span> <span class='ocrx_word' id='word_1_115' title='bbox 2968 2079 3055 2129; x_wconf 72' lang='lat' dir='ltr'><strong>an</strong></span> <span class='ocrx_word' id='word_1_116' title='bbox 3122 2055 3337 2130; x_wconf 83' lang='lat' dir='ltr'><strong>ullam</strong></span> <span class='ocrx_word' id='word_1_117' title='bbox 3390 2056 3725 2131; x_wconf 82' lang='lat' dir='ltr'><strong>rationem</strong></span> <span class='ocrx_word' id='word_1_118' title='bbox 3782 2054 4133 2154; x_wconf 78' lang='lat' dir='ltr'><strong>legislator</strong></span> <span class='ocrx_word' id='word_1_119' title='bbox 4186 2061 4481 2129; x_wconf 52' lang='lat' dir='ltr'><strong>secutus*</strong></span> 
     </span>
     <span class='ocr_line' id='line_1_13' title="bbox 1419 2174 4479 2275; baseline 0 -25"><span class='ocrx_word' id='word_1_120' title='bbox 1419 2176 1553 2265; x_wconf 82' lang='lat' dir='ltr'><strong>sit,</strong></span> <span class='ocrx_word' id='word_1_121' title='bbox 1609 2186 1732 2250; x_wconf 84' lang='lat' dir='ltr'><strong>aut</strong></span> <span class='ocrx_word' id='word_1_122' title='bbox 1753 2235 1772 2264; x_wconf 91' lang='lat'>‚</span> <span class='ocrx_word' id='word_1_123' title='bbox 1825 2178 1884 2250; x_wconf 73' lang='lat' dir='ltr'>si</span> <span class='ocrx_word' id='word_1_124' title='bbox 1935 2185 2216 2251; x_wconf 86' lang='lat' dir='ltr'><strong>secutus</strong></span> <span class='ocrx_word' id='word_1_125' title='bbox 2257 2186 2366 2251; x_wconf 86' lang='lat' dir='ltr'><strong>est</strong></span> <span class='ocrx_word' id='word_1_126' title='bbox 2387 2235 2408 2267; x_wconf 84' lang='lat'>‚</span> <span class='ocrx_word' id='word_1_127' title='bbox 2457 2201 2639 2275; x_wconf 89' lang='lat' dir='ltr'><strong>quae</strong></span> <span class='ocrx_word' id='word_1_128' title='bbox 2684 2177 2777 2251; x_wconf 89' lang='lat' dir='ltr'><strong>sit</strong></span> <span class='ocrx_word' id='word_1_129' title='bbox 2811 2175 2932 2251; x_wconf 81' lang='lat' dir='ltr'><strong>illa</strong></span> <span class='ocrx_word' id='word_1_130' title='bbox 2976 2175 3173 2251; x_wconf 83' lang='lat' dir='ltr'><strong>ratio.</strong></span> <span class='ocrx_word' id='word_1_131' title='bbox 3273 2174 3385 2249; x_wconf 91' lang='lat' dir='ltr'><strong>De</strong></span> <span class='ocrx_word' id='word_1_132' title='bbox 3423 2174 3697 2252; x_wconf 89' lang='lat' dir='ltr'><strong>cambio</strong></span> <span class='ocrx_word' id='word_1_133' title='bbox 3745 2176 3917 2250; x_wconf 83' lang='lat' dir='ltr'>falso</span> <span class='ocrx_word' id='word_1_134' title='bbox 3958 2175 4219 2251; x_wconf 76' lang='lat' dir='ltr'><strong>frustra</strong></span> <span class='ocrx_word' id='word_1_135' title='bbox 4260 2200 4479 2251; x_wconf 73' lang='lat' dir='ltr'>cons·-</span> 
     </span>
    </p>
   </div>
   <div class='ocr_carea' id='block_1_6' title="bbox 1419 2294 4447 2397">
    <p class='ocr_par' dir='ltr' id='par_1_6' title="bbox 1419 2294 4447 2397">
     <span class='ocr_line' id='line_1_14' title="bbox 1419 2294 4447 2397; baseline 0 -27"><span class='ocrx_word' id='word_1_136' title='bbox 1419 2304 1538 2370; x_wconf 87' lang='lat' dir='ltr'><strong>tus</strong></span> <span class='ocrx_word' id='word_1_137' title='bbox 1597 2306 1820 2371; x_wconf 82' lang='lat' dir='ltr'><strong>certas</strong></span> <span class='ocrx_word' id='word_1_138' title='bbox 1881 2321 2260 2397; x_wconf 89' lang='lat' dir='ltr'>proponere</span> <span class='ocrx_word' id='word_1_139' title='bbox 2315 2298 2625 2395; x_wconf 80' lang='lat' dir='ltr'><strong>regulas,</strong></span> <span class='ocrx_word' id='word_1_140' title='bbox 2684 2296 3021 2371; x_wconf 85' lang='lat' dir='ltr'><strong>iudicium</strong></span> <span class='ocrx_word' id='word_1_141' title='bbox 3090 2295 3406 2397; x_wconf 83' lang='lat' dir='ltr'>permisit</span> <span class='ocrx_word' id='word_1_142' title='bbox 3466 2295 3754 2372; x_wconf 86' lang='lat' dir='ltr'><strong>arbitrio</strong></span> <span class='ocrx_word' id='word_1_143' title='bbox 3796 2294 4067 2371; x_wconf 83' lang='lat' dir='ltr'><strong>iudicis.</strong></span> <span class='ocrx_word' id='word_1_144' title='bbox 4170 2296 4447 2371; x_wconf 79' lang='lat' dir='ltr'><strong>Tantam</strong></span> 
     </span>
    </p>
   </div>
   <div class='ocr_carea' id='block_1_7' title="bbox 1419 2415 4472 2517">
    <p class='ocr_par' dir='ltr' id='par_1_7' title="bbox 1419 2415 4472 2517">
     <span class='ocr_line' id='line_1_15' title="bbox 1419 2415 4472 2517; baseline -0.001 -26"><span class='ocrx_word' id='word_1_145' title='bbox 1419 2440 1586 2515; x_wconf 82' lang='lat' dir='ltr'><strong>ergo</strong></span> <span class='ocrx_word' id='word_1_146' title='bbox 1650 2416 2002 2493; x_wconf 86' lang='lat' dir='ltr'><strong>confessus</strong></span> <span class='ocrx_word' id='word_1_147' title='bbox 2052 2425 2158 2494; x_wconf 88' lang='lat' dir='ltr'><strong>est</strong></span> <span class='ocrx_word' id='word_1_148' title='bbox 2209 2417 2559 2517; x_wconf 67' lang='lat' dir='ltr'><strong>legislator</strong></span> <span class='ocrx_word' id='word_1_149' title='bbox 2606 2440 2803 2493; x_wconf 78' lang='lat' dir='ltr'><strong>susm</strong></span> <span class='ocrx_word' id='word_1_150' title='bbox 2852 2418 3006 2517; x_wconf 85' lang='lat' dir='ltr'>ipse</span> <span class='ocrx_word' id='word_1_151' title='bbox 3054 2416 3462 2515; x_wconf 85' lang='lat' dir='ltr'><strong>sapientiam</strong></span> <span class='ocrx_word' id='word_1_152' title='bbox 3480 2476 3501 2507; x_wconf 90' lang='lat'><em>,</em></span> <span class='ocrx_word' id='word_1_153' title='bbox 3557 2424 3639 2491; x_wconf 84' lang='lat' dir='ltr'><strong>ut</strong></span> <span class='ocrx_word' id='word_1_154' title='bbox 3688 2416 3879 2517; x_wconf 90' lang='lat' dir='ltr'><strong>quod</strong></span> <span class='ocrx_word' id='word_1_155' title='bbox 3928 2415 4081 2516; x_wconf 90' lang='lat' dir='ltr'>ipse</span> <span class='ocrx_word' id='word_1_156' title='bbox 4128 2417 4411 2493; x_wconf 84' lang='lat' dir='ltr'><strong>nesciret</strong></span> <span class='ocrx_word' id='word_1_157' title='bbox 4428 2470 4472 2504; x_wconf 84' lang='lat'><strong>,.</strong></span> 
     </span>
    </p>
   </div>
   <div class='ocr_carea' id='block_1_8' title="bbox 1415 2536 4461 4324">
    <p class='ocr_par' dir='ltr' id='par_1_8' title="bbox 1417 2536 4461 3119">
     <span class='ocr_line' id='line_1_16' title="bbox 1417 2536 4453 2637; baseline 0 -28"><span class='ocrx_word' id='word_1_158' title='bbox 1417 2536 1493 2610; x_wconf 93' lang='lat' dir='ltr'><strong>id</strong></span> <span class='ocrx_word' id='word_1_159' title='bbox 1553 2536 1856 2612; x_wconf 86' lang='lat' dir='ltr'><strong>iudicem</strong></span> <span class='ocrx_word' id='word_1_160' title='bbox 1934 2538 2196 2613; x_wconf 86' lang='lat' dir='ltr'><strong>diceret</strong></span> <span class='ocrx_word' id='word_1_161' title='bbox 2261 2540 2434 2615; x_wconf 85' lang='lat' dir='ltr'><strong>scire</strong></span> <span class='ocrx_word' id='word_1_162' title='bbox 2500 2546 2837 2637; x_wconf 76' lang='lat' dir='ltr'>oportere.</span> <span class='ocrx_word' id='word_1_163' title='bbox 2932 2538 3337 2637; x_wconf 74' lang='lat' dir='ltr'><strong>Assignatio</strong></span> <span class='ocrx_word' id='word_1_164' title='bbox 3409 2536 3583 2637; x_wconf 88' lang='lat' dir='ltr'><strong>quid</strong></span> <span class='ocrx_word' id='word_1_165' title='bbox 3648 2537 3739 2611; x_wconf 85' lang='lat' dir='ltr'><strong>sit</strong></span> <span class='ocrx_word' id='word_1_166' title='bbox 3806 2536 4065 2613; x_wconf 89' lang='lat' dir='ltr'><strong>secund</strong></span> <span class='ocrx_word' id='word_1_167' title='bbox 4073 2559 4189 2613; x_wconf 90' lang='lat' dir='ltr'><strong>um</strong></span> <span class='ocrx_word' id='word_1_168' title='bbox 4238 2537 4453 2637; x_wconf 77' lang='lat' dir='ltr'><strong>legem</strong></span> 
     </span>
     <span class='ocr_line' id='line_1_17' title="bbox 1417 2655 4457 2756; baseline 0 -27"><span class='ocrx_word' id='word_1_169' title='bbox 1417 2664 1722 2731; x_wconf 86' lang='lat' dir='ltr'><strong>nostram</strong></span> <span class='ocrx_word' id='word_1_170' title='bbox 1744 2716 1766 2746; x_wconf 84' lang='lat'>‚</span> <span class='ocrx_word' id='word_1_171' title='bbox 1825 2658 2138 2732; x_wconf 82' lang='lat' dir='ltr'><strong>nondum</strong></span> <span class='ocrx_word' id='word_1_172' title='bbox 2207 2658 2316 2731; x_wconf 87' lang='lat' dir='ltr'><strong>vel</strong></span> <span class='ocrx_word' id='word_1_173' title='bbox 2377 2659 2905 2733; x_wconf 80' lang='lat' dir='ltr'><strong>Iureconsultus</strong></span> <span class='ocrx_word' id='word_1_174' title='bbox 2950 2658 3201 2756; x_wconf 77' lang='lat' dir='ltr'><strong>aliquis</strong></span> <span class='ocrx_word' id='word_1_175' title='bbox 3242 2658 3355 2733; x_wconf 85' lang='lat' dir='ltr'><strong>vel</strong></span> <span class='ocrx_word' id='word_1_176' title='bbox 3396 2664 3747 2733; x_wconf 67' lang='lat' dir='ltr'><strong>mercator·</strong></span> <span class='ocrx_word' id='word_1_177' title='bbox 3772 2655 4135 2731; x_wconf 79' lang='lat' dir='ltr'><strong>intellexit.</strong></span> <span class='ocrx_word' id='word_1_178' title='bbox 4234 2656 4329 2731; x_wconf 84' lang='lat' dir='ltr'><strong>Et</strong></span> <span class='ocrx_word' id='word_1_179' title='bbox 4373 2656 4457 2729; x_wconf 82' lang='lat' dir='ltr'><strong>de</strong></span> 
     </span>
     <span class='ocr_line' id='line_1_18' title="bbox 1420 2775 4461 2877; baseline -0.001 -24"><span class='ocrx_word' id='word_1_180' title='bbox 1420 2776 1880 2853; x_wconf 73' lang='lat' dir='ltr'><strong>,vindicatione</strong></span> <span class='ocrx_word' id='word_1_181' title='bbox 1927 2779 2327 2852; x_wconf 89' lang='lat' dir='ltr'><strong>mercatoria</strong></span> <span class='ocrx_word' id='word_1_182' title='bbox 2379 2779 2551 2877; x_wconf 89' lang='lat' dir='ltr'><strong>quid</strong></span> <span class='ocrx_word' id='word_1_183' title='bbox 2593 2778 2793 2876; x_wconf 90' lang='lat' dir='ltr'><strong>plura</strong></span> <span class='ocrx_word' id='word_1_184' title='bbox 2836 2778 3061 2852; x_wconf 89' lang='lat' dir='ltr'><strong>dicam</strong></span> <span class='ocrx_word' id='word_1_185' title='bbox 3080 2780 3115 2851; x_wconf 80' lang='grc' dir='ltr'><strong><em>Ρ</em></strong></span> <span class='ocrx_word' id='word_1_186' title='bbox 3192 2779 3391 2857; x_wconf 85' lang='lat' dir='ltr'><strong>Quot</strong></span> <span class='ocrx_word' id='word_1_187' title='bbox 3434 2784 3732 2877; x_wconf 82' lang='lat' dir='ltr'><strong>quantas</strong></span> <span class='ocrx_word' id='word_1_188' title='bbox 3774 2800 3989 2876; x_wconf 88' lang='lat' dir='ltr'><strong>quam</strong></span> <span class='ocrx_word' id='word_1_189' title='bbox 4028 2775 4461 2851; x_wconf 68' lang='lat' dir='ltr'><strong>incredibiles</strong></span> 
     </span>
     <span class='ocr_line' id='line_1_19' title="bbox 1426 2895 4445 2999; baseline 0.001 -30"><span class='ocrx_word' id='word_1_190' title='bbox 1426 2895 1588 2972; x_wconf 78' lang='lat' dir='ltr'><strong>lites</strong></span> <span class='ocrx_word' id='word_1_191' title='bbox 1645 2896 1762 2970; x_wconf 89' lang='lat' dir='ltr'><strong>illa</strong></span> <span class='ocrx_word' id='word_1_192' title='bbox 1828 2896 2130 2995; x_wconf 83' lang='lat' dir='ltr'>peperit!</span> <span class='ocrx_word' id='word_1_193' title='bbox 2231 2898 2422 2972; x_wconf 79' lang='lat' dir='ltr'><strong>Nam</strong></span> <span class='ocrx_word' id='word_1_194' title='bbox 2484 2898 2727 2973; x_wconf 88' lang='lat' dir='ltr'><strong>ubivis·</strong></span> <span class='ocrx_word' id='word_1_195' title='bbox 2772 2899 2979 2975; x_wconf 83' lang='lat' dir='ltr'><strong>inea</strong></span> <span class='ocrx_word' id='word_1_196' title='bbox 3014 2898 3479 2999; x_wconf 62' lang='lat' dir='ltr'><strong>repugnantia</strong></span> <span class='ocrx_word' id='word_1_197' title='bbox 3520 2905 3629 2975; x_wconf 89' lang='lat' dir='ltr'><strong>est</strong></span> <span class='ocrx_word' id='word_1_198' title='bbox 3680 2898 3863 2973; x_wconf 84' lang='lat' dir='ltr'><strong>inter</strong></span> <span class='ocrx_word' id='word_1_199' title='bbox 3908 2896 4022 2973; x_wconf 86' lang='lat' dir='ltr'><strong>ius</strong></span> <span class='ocrx_word' id='word_1_200' title='bbox 4062 2896 4445 2971; x_wconf 77' lang='lat' dir='ltr'><strong>Romanum</strong></span> 
     </span>
     <span class='ocr_line' id='line_1_20' title="bbox 1418 3014 4451 3119; baseline 0.002 -30"><span class='ocrx_word' id='word_1_201' title='bbox 1418 3014 1508 3089; x_wconf 84' lang='lat' dir='ltr'><strong>de</strong></span> <span class='ocrx_word' id='word_1_202' title='bbox 1553 3014 1860 3090; x_wconf 76' lang='lat' dir='ltr'><strong>dominio</strong></span> <span class='ocrx_word' id='word_1_203' title='bbox 1916 3026 1992 3091; x_wconf 76' lang='lat' dir='ltr'><strong>et</strong></span> <span class='ocrx_word' id='word_1_204' title='bbox 2029 3018 2144 3093; x_wconf 79' lang='lat' dir='ltr'><strong>ius</strong></span> <span class='ocrx_word' id='word_1_205' title='bbox 2191 3020 2619 3094; x_wconf 72' lang='lat' dir='ltr'><strong>Germanum</strong></span> <span class='ocrx_word' id='word_1_206' title='bbox 2662 3044 2807 3119; x_wconf 86' lang='lat' dir='ltr'><strong>quo</strong></span> <span class='ocrx_word' id='word_1_207' title='bbox 2852 3019 3216 3096; x_wconf 83' lang='lat' dir='ltr'><strong>definitur:</strong></span> <span class='ocrx_word' id='word_1_208' title='bbox 3260 3019 3556 3096; x_wconf 75' lang='lat' dir='ltr'>Mobilis</span> <span class='ocrx_word' id='word_1_209' title='bbox 3599 3042 3744 3094; x_wconf 77' lang='lat' dir='ltr'>non</span> <span class='ocrx_word' id='word_1_210' title='bbox 3785 3017 4038 3095; x_wconf 84' lang='lat' dir='ltr'><strong>habere</strong></span> <span class='ocrx_word' id='word_1_211' title='bbox 4086 3017 4451 3117; x_wconf 78' lang='lat' dir='ltr'><strong>sequelam.</strong></span> 
     </span>
    </p>

    <p class='ocr_par' dir='ltr' id='par_1_9' title="bbox 1415 3137 4459 4324">
     <span class='ocr_line' id='line_1_21' title="bbox 1516 3137 4447 3240; baseline 0.002 -32"><span class='ocrx_word' id='word_1_212' title='bbox 1516 3137 1701 3210; x_wconf 88' lang='lat' dir='ltr'><strong>Satis</strong></span> <span class='ocrx_word' id='word_1_213' title='bbox 1747 3138 1970 3212; x_wconf 88' lang='lat' dir='ltr'><strong>multa</strong></span> <span class='ocrx_word' id='word_1_214' title='bbox 2019 3139 2335 3238; x_wconf 86' lang='lat' dir='ltr'><strong>exempla</strong></span> <span class='ocrx_word' id='word_1_215' title='bbox 2381 3141 2627 3230; x_wconf 79' lang='lat' dir='ltr'><strong>attuli,</strong></span> <span class='ocrx_word' id='word_1_216' title='bbox 2674 3150 2755 3216; x_wconf 87' lang='lat' dir='ltr'><strong>ut</strong></span> <span class='ocrx_word' id='word_1_217' title='bbox 2806 3165 2937 3216; x_wconf 89' lang='lat' dir='ltr'><strong>nee</strong></span> <span class='ocrx_word' id='word_1_218' title='bbox 2982 3140 3307 3240; x_wconf 81' lang='lat' dir='ltr'><strong>iniquum</strong></span> <span class='ocrx_word' id='word_1_219' title='bbox 3354 3165 3493 3216; x_wconf 81' lang='lat' dir='ltr'><strong>nec</strong></span> <span class='ocrx_word' id='word_1_220' title='bbox 3536 3139 3749 3216; x_wconf 82' lang='lat' dir='ltr'><strong>nimis</strong></span> <span class='ocrx_word' id='word_1_221' title='bbox 3792 3163 4111 3216; x_wconf 81' lang='lat' dir='ltr'><strong>severum</strong></span> <span class='ocrx_word' id='word_1_222' title='bbox 4160 3139 4252 3214; x_wconf 89' lang='lat' dir='ltr'><strong>de</strong></span> <span class='ocrx_word' id='word_1_223' title='bbox 4294 3137 4447 3238; x_wconf 73' lang='lat' dir='ltr'><strong>legi·</strong></span> 
     </span>
     <span class='ocr_line' id='line_1_22' title="bbox 1417 3255 4451 3360; baseline 0.002 -33"><span class='ocrx_word' id='word_1_224' title='bbox 1417 3255 1552 3328; x_wconf 79' lang='lat' dir='ltr'><strong>bas</strong></span> <span class='ocrx_word' id='word_1_225' title='bbox 1622 3257 1880 3330; x_wconf 87' lang='lat' dir='ltr'><strong>nostris</strong></span> <span class='ocrx_word' id='word_1_226' title='bbox 1949 3281 2182 3332; x_wconf 86' lang='lat' dir='ltr'><strong>meum</strong></span> <span class='ocrx_word' id='word_1_227' title='bbox 2255 3259 2589 3334; x_wconf 83' lang='lat' dir='ltr'><strong>iudicium</strong></span> <span class='ocrx_word' id='word_1_228' title='bbox 2658 3285 2810 3336; x_wconf 86' lang='lat' dir='ltr'><strong>esse</strong></span> <span class='ocrx_word' id='word_1_229' title='bbox 2879 3261 3191 3336; x_wconf 85' lang='lat' dir='ltr'><strong>videatur</strong></span> <span class='ocrx_word' id='word_1_230' title='bbox 3210 3319 3231 3350; x_wconf 90' lang='lat'><em>,</em></span> <span class='ocrx_word' id='word_1_231' title='bbox 3300 3267 3521 3360; x_wconf 85' lang='lat' dir='ltr'><strong>utque</strong></span> <span class='ocrx_word' id='word_1_232' title='bbox 3574 3259 3899 3360; x_wconf 79' lang='lat' dir='ltr'><strong>Savignio</strong></span> <span class='ocrx_word' id='word_1_233' title='bbox 3964 3260 4451 3348; x_wconf 81' lang='lat' dir='ltr'><strong>assentiamur,</strong></span> 
     </span>
     <span class='ocr_line' id='line_1_23' title="bbox 1415 3377 4453 3482; baseline 0.002 -35"><span class='ocrx_word' id='word_1_234' title='bbox 1415 3381 1696 3474; x_wconf 81' lang='lat' dir='ltr'><strong>tempus</strong></span> <span class='ocrx_word' id='word_1_235' title='bbox 1753 3377 1961 3466; x_wconf 86' lang='lat' dir='ltr'><strong>illud,</strong></span> <span class='ocrx_word' id='word_1_236' title='bbox 2031 3403 2170 3478; x_wconf 89' lang='lat' dir='ltr'><strong>quo</strong></span> <span class='ocrx_word' id='word_1_237' title='bbox 2217 3380 2537 3478; x_wconf 65' lang='lat' dir='ltr'><strong>perlatae,</strong></span> <span class='ocrx_word' id='word_1_238' title='bbox 2570 3391 2775 3470; x_wconf 84' lang='lat' dir='ltr'><strong>sunt,</strong></span> <span class='ocrx_word' id='word_1_239' title='bbox 2823 3403 2965 3456; x_wconf 86' lang='lat' dir='ltr'>non</span> <span class='ocrx_word' id='word_1_240' title='bbox 3008 3382 3463 3458; x_wconf 78' lang='lat' dir='ltr'><strong>fuisse-tante</strong></span> <span class='ocrx_word' id='word_1_241' title='bbox 3505 3381 3704 3482; x_wconf 86' lang='lat' dir='ltr'>operi</span> <span class='ocrx_word' id='word_1_242' title='bbox 3742 3381 4102 3458; x_wconf 83' lang='lat' dir='ltr'><strong>idoneum.</strong></span> <span class='ocrx_word' id='word_1_243' title='bbox 4198 3379 4453 3454; x_wconf 80' lang='lat' dir='ltr'><strong>Verum</strong></span> 
     </span>
     <span class='ocr_line' id='line_1_24' title="bbox 1420 3494 4447 3602; baseline 0.002 -36"><span class='ocrx_word' id='word_1_244' title='bbox 1420 3494 1649 3568; x_wconf 85' lang='lat' dir='ltr'><strong>adhuc</strong></span> <span class='ocrx_word' id='word_1_245' title='bbox 1692 3495 1840 3570; x_wconf 83' lang='lat' dir='ltr'>dixi</span> <span class='ocrx_word' id='word_1_246' title='bbox 1876 3497 1962 3571; x_wconf 93' lang='lat' dir='ltr'><strong>de</strong></span> <span class='ocrx_word' id='word_1_247' title='bbox 2001 3498 2088 3571; x_wconf 86' lang='lat' dir='ltr'><strong>iis</strong></span> <span class='ocrx_word' id='word_1_248' title='bbox 2125 3498 2505 3589; x_wconf 57' lang='lat' dir='ltr'><strong>institutis„</strong></span> <span class='ocrx_word' id='word_1_249' title='bbox 2547 3525 2727 3600; x_wconf 86' lang='lat' dir='ltr'><strong>quae</strong></span> <span class='ocrx_word' id='word_1_250' title='bbox 2770 3525 2991 3600; x_wconf 78' lang='lat' dir='ltr'><strong>quum</strong></span> <span class='ocrx_word' id='word_1_251' title='bbox 3034 3510 3265 3576; x_wconf 80' lang='lat' dir='ltr'><strong>essent</strong></span> <span class='ocrx_word' id='word_1_252' title='bbox 3306 3502 3494 3577; x_wconf 82' lang='lat' dir='ltr'><strong>male</strong></span> <span class='ocrx_word' id='word_1_253' title='bbox 3526 3501 3787 3602; x_wconf 81' lang='lat' dir='ltr'>posita,</span> <span class='ocrx_word' id='word_1_254' title='bbox 3828 3509 4027 3576; x_wconf 83' lang='lat' dir='ltr'><strong>erant</strong></span> <span class='ocrx_word' id='word_1_255' title='bbox 4068 3503 4141 3575; x_wconf 90' lang='lat' dir='ltr'>in</span> <span class='ocrx_word' id='word_1_256' title='bbox 4190 3499 4447 3598; x_wconf 73' lang='lat' dir='ltr'><strong>legibus</strong></span> 
     </span>
     <span class='ocr_line' id='line_1_25' title="bbox 1420 3613 4455 3722; baseline 0.002 -35"><span class='ocrx_word' id='word_1_257' title='bbox 1420 3613 1642 3711; x_wconf 81' lang='lat' dir='ltr'><strong>posita</strong></span> <span class='ocrx_word' id='word_1_258' title='bbox 1681 3623 1936 3692; x_wconf 87' lang='lat' dir='ltr'><strong>tamen.</strong></span> <span class='ocrx_word' id='word_1_259' title='bbox 2019 3618 2182 3692; x_wconf 86' lang='lat' dir='ltr'><strong>Alia</strong></span> <span class='ocrx_word' id='word_1_260' title='bbox 2225 3645 2386 3694; x_wconf 85' lang='lat' dir='ltr'><strong>vero</strong></span> <span class='ocrx_word' id='word_1_261' title='bbox 2425 3621 2795 3710; x_wconf 73' lang='lat' dir='ltr'><strong>instituta,</strong></span> <span class='ocrx_word' id='word_1_262' title='bbox 2832 3646 3125 3719; x_wconf 84' lang='lat' dir='ltr'><strong>quorum</strong></span> <span class='ocrx_word' id='word_1_263' title='bbox 3172 3623 3581 3698; x_wconf 84' lang='lat' dir='ltr'><strong>constitutio</strong></span> <span class='ocrx_word' id='word_1_264' title='bbox 3616 3622 3689 3696; x_wconf 91' lang='lat' dir='ltr'>in</span> <span class='ocrx_word' id='word_1_265' title='bbox 3738 3621 4016 3722; x_wconf 78' lang='lat' dir='ltr'><strong>legibus</strong></span> <span class='ocrx_word' id='word_1_266' title='bbox 4052 3619 4455 3720; x_wconf 81' lang='lat' dir='ltr'>requiritur,</span> 
     </span>
     <span class='ocr_line' id='line_1_26' title="bbox 1418 3737 4459 3842; baseline 0.002 -34"><span class='ocrx_word' id='word_1_267' title='bbox 1418 3759 1508 3808; x_wconf 85' lang='lat' dir='ltr'><strong>ne</strong></span> <span class='ocrx_word' id='word_1_268' title='bbox 1549 3737 1772 3834; x_wconf 86' lang='lat' dir='ltr'>posita</span> <span class='ocrx_word' id='word_1_269' title='bbox 1805 3739 2091 3836; x_wconf 88' lang='lat' dir='ltr'><strong>quidem</strong></span> <span class='ocrx_word' id='word_1_270' title='bbox 2139 3749 2308 3814; x_wconf 87' lang='lat' dir='ltr'><strong>sunt</strong></span> <span class='ocrx_word' id='word_1_271' title='bbox 2343 3741 2465 3816; x_wconf 84' lang='lat' dir='ltr'><strong>sed</strong></span> <span class='ocrx_word' id='word_1_272' title='bbox 2505 3741 2715 3841; x_wconf 87' lang='lat' dir='ltr'><strong>plane</strong></span> <span class='ocrx_word' id='word_1_273' title='bbox 2752 3743 3259 3842; x_wconf 73' lang='lat' dir='ltr'><strong>praetermissa.</strong></span> <span class='ocrx_word' id='word_1_274' title='bbox 3338 3743 3731 3818; x_wconf 74' lang='lat' dir='ltr'><strong>codicibus·-</strong></span> <span class='ocrx_word' id='word_1_275' title='bbox 3759 3742 4011 3818; x_wconf 79' lang='lat' dir='ltr'><strong>nostris</strong></span> <span class='ocrx_word' id='word_1_276' title='bbox 4052 3748 4203 3816; x_wconf 86' lang='lat' dir='ltr'><strong>tam</strong></span> <span class='ocrx_word' id='word_1_277' title='bbox 4240 3740 4459 3816; x_wconf 74' lang='lat' dir='ltr'><strong>mults</strong></span> 
     </span>
     <span class='ocr_line' id='line_1_27' title="bbox 1419 3854 4459 3964; baseline 0.003 -38"><span class='ocrx_word' id='word_1_278' title='bbox 1419 3854 1704 3944; x_wconf 81' lang='lat' dir='ltr'><strong>desunt,</strong></span> <span class='ocrx_word' id='word_1_279' title='bbox 1771 3866 1854 3930; x_wconf 91' lang='lat' dir='ltr'><strong>ut</strong></span> <span class='ocrx_word' id='word_1_280' title='bbox 1919 3859 2122 3957; x_wconf 89' lang='lat' dir='ltr'><strong>plura</strong></span> <span class='ocrx_word' id='word_1_281' title='bbox 2187 3861 2298 3935; x_wconf 82' lang='lat' dir='ltr'><strong>vix</strong></span> <span class='ocrx_word' id='word_1_282' title='bbox 2369 3863 2612 3936; x_wconf 83' lang='lat' dir='ltr'><strong>deesse</strong></span> <span class='ocrx_word' id='word_1_283' title='bbox 2676 3861 2965 3962; x_wconf 77' lang='lat' dir='ltr'>possint.</span> <span class='ocrx_word' id='word_1_284' title='bbox 3062 3864 3315 3964; x_wconf 88' lang='lat' dir='ltr'><strong>Neque</strong></span> <span class='ocrx_word' id='word_1_285' title='bbox 3366 3889 3555 3939; x_wconf 81' lang='lat' dir='ltr'><strong>nune</strong></span> <span class='ocrx_word' id='word_1_286' title='bbox 3600 3863 3677 3938; x_wconf 88' lang='lat' dir='ltr'><strong>id</strong></span> <span class='ocrx_word' id='word_1_287' title='bbox 3726 3863 3920 3953; x_wconf 84' lang='lat' dir='ltr'>volo,</span> <span class='ocrx_word' id='word_1_288' title='bbox 3980 3863 4053 3940; x_wconf 84' lang='lat' dir='ltr'><strong>iu</strong></span> <span class='ocrx_word' id='word_1_289' title='bbox 4108 3861 4459 3938; x_wconf 73' lang='lat' dir='ltr'>nonnullis</span> 
     </span>
     <span class='ocr_line' id='line_1_28' title="bbox 1423 3972 4455 4084; baseline 0.005 -39"><span class='ocrx_word' id='word_1_290' title='bbox 1423 3972 1591 4047; x_wconf 86' lang='lat' dir='ltr'><strong>satis</strong></span> <span class='ocrx_word' id='word_1_291' title='bbox 1649 3974 1828 4048; x_wconf 89' lang='lat' dir='ltr'><strong>bene</strong></span> <span class='ocrx_word' id='word_1_292' title='bbox 1879 3979 2149 4078; x_wconf 86' lang='lat' dir='ltr'><strong>scriptis</strong></span> <span class='ocrx_word' id='word_1_293' title='bbox 2191 3981 2466 4080; x_wconf 83' lang='lat' dir='ltr'><strong>legibus</strong></span> <span class='ocrx_word' id='word_1_294' title='bbox 2514 3984 2863 4058; x_wconf 79' lang='lat' dir='ltr'><strong>interdum</strong></span> <span class='ocrx_word' id='word_1_295' title='bbox 2920 3983 3157 4058; x_wconf 79' lang='lat' dir='ltr'><strong>deesse</strong></span> <span class='ocrx_word' id='word_1_296' title='bbox 3204 3985 3546 4084; x_wconf 78' lang='lat' dir='ltr'><strong>quaedam</strong></span> <span class='ocrx_word' id='word_1_297' title='bbox 3566 4043 3589 4075; x_wconf 87' lang='lat'><em>,</em></span> <span class='ocrx_word' id='word_1_298' title='bbox 3638 4009 3819 4084; x_wconf 85' lang='lat' dir='ltr'><strong>qnae</strong></span> <span class='ocrx_word' id='word_1_299' title='bbox 3858 3983 4109 4060; x_wconf 76' lang='lat' dir='ltr'><strong>idonee</strong></span> <span class='ocrx_word' id='word_1_300' title='bbox 4156 3979 4455 4082; x_wconf 70' lang='lat' dir='ltr'><strong>suppleti</strong></span> 
     </span>
     <span class='ocr_line' id='line_1_29' title="bbox 1419 4094 4453 4204; baseline 0.004 -39"><span class='ocrx_word' id='word_1_301' title='bbox 1419 4116 1548 4191; x_wconf 89' lang='lat' dir='ltr'><strong>per</strong></span> <span class='ocrx_word' id='word_1_302' title='bbox 1613 4094 2000 4194; x_wconf 75' lang='lat' dir='ltr'>analogiam</span> <span class='ocrx_word' id='word_1_303' title='bbox 2061 4101 2351 4197; x_wconf 84' lang='lat' dir='ltr'>possint.</span> <span class='ocrx_word' id='word_1_304' title='bbox 2451 4102 2715 4178; x_wconf 88' lang='lat' dir='ltr'><strong>Verum</strong></span> <span class='ocrx_word' id='word_1_305' title='bbox 2778 4113 2925 4178; x_wconf 83' lang='lat' dir='ltr'><strong>tota</strong></span> <span class='ocrx_word' id='word_1_306' title='bbox 2968 4105 3199 4202; x_wconf 83' lang='lat' dir='ltr'><strong>capita</strong></span> <span class='ocrx_word' id='word_1_307' title='bbox 3236 4104 3421 4178; x_wconf 53' lang='lat' dir='ltr'><strong>iuris,</strong></span> <span class='ocrx_word' id='word_1_308' title='bbox 3448 4104 3699 4203; x_wconf 83' lang='lat' dir='ltr'><strong>privati</strong></span> <span class='ocrx_word' id='word_1_309' title='bbox 3740 4103 4227 4204; x_wconf 65' lang='lat' dir='ltr'><strong>paetermissa</strong></span> <span class='ocrx_word' id='word_1_310' title='bbox 4268 4126 4393 4177; x_wconf 79' lang='lat' dir='ltr'><strong>sun</strong></span> <span class='ocrx_word' id='word_1_311' title='bbox 4402 4109 4453 4176; x_wconf 82' lang='lat' dir='ltr'><strong>t.</strong></span> 
     </span>
     <span class='ocr_line' id='line_1_30' title="bbox 1418 4212 4455 4324; baseline 0.004 -39"><span class='ocrx_word' id='word_1_312' title='bbox 1418 4212 1731 4288; x_wconf 85' lang='lat' dir='ltr'><strong>Novistis</strong></span> <span class='ocrx_word' id='word_1_313' title='bbox 1795 4215 2173 4292; x_wconf 78' lang='lat' dir='ltr'><strong>doctrinam</strong></span> <span class='ocrx_word' id='word_1_314' title='bbox 2244 4219 2334 4292; x_wconf 90' lang='lat' dir='ltr'><strong>de</strong></span> <span class='ocrx_word' id='word_1_315' title='bbox 2397 4221 3012 4298; x_wconf 75' lang='lat' dir='ltr'><strong>Universitatibns:</strong></span> <span class='ocrx_word' id='word_1_316' title='bbox 3062 4248 3179 4298; x_wconf 85' lang='lat' dir='ltr'><strong>eas</strong></span> <span class='ocrx_word' id='word_1_317' title='bbox 3236 4232 3469 4298; x_wconf 64' lang='lat' dir='ltr'><strong>autam</strong></span> <span class='ocrx_word' id='word_1_318' title='bbox 3512 4223 3825 4324; x_wconf 83' lang='lat' dir='ltr'><strong>duplices</strong></span> <span class='ocrx_word' id='word_1_319' title='bbox 3874 4225 4133 4301; x_wconf 79' lang='lat' dir='ltr'><strong>scimus</strong></span> <span class='ocrx_word' id='word_1_320' title='bbox 4174 4245 4455 4310; x_wconf 77' lang='lat' dir='ltr'><strong>omnes,</strong></span> 
     </span>
    </p>
   </div>
   <div class='ocr_carea' id='block_1_9' title="bbox 1367 4333 4474 4442">
    <p class='ocr_par' dir='ltr' id='par_1_10' title="bbox 1367 4333 4474 4442">
     <span class='ocr_line' id='line_1_31' title="bbox 1367 4333 4474 4442; baseline 0.004 -36"><span class='ocrx_word' id='word_1_321' title='bbox 1367 4415 1376 4430; x_wconf 40' lang='grc' dir='ltr'><strong><em>Ι</em></strong></span> <span class='ocrx_word' id='word_1_322' title='bbox 1419 4333 1670 4408; x_wconf 80' lang='lat' dir='ltr'><strong>alteras</strong></span> <span class='ocrx_word' id='word_1_323' title='bbox 1707 4347 2195 4435; x_wconf 66' lang='lat' dir='ltr'><strong>personarum,</strong></span> <span class='ocrx_word' id='word_1_324' title='bbox 2235 4364 2416 4438; x_wconf 77' lang='lat' dir='ltr'><strong>quae</strong></span> <span class='ocrx_word' id='word_1_325' title='bbox 2451 4367 2497 4417; x_wconf 87' lang='lat' dir='ltr'><strong>a</strong></span> <span class='ocrx_word' id='word_1_326' title='bbox 2534 4341 3050 4418; x_wconf 75' lang='lat' dir='ltr'><strong>recentioribus.</strong></span> <span class='ocrx_word' id='word_1_327' title='bbox 3071 4365 3357 4442; x_wconf 74' lang='lat' dir='ltr'>corpora</span> <span class='ocrx_word' id='word_1_328' title='bbox 3402 4343 3869 4420; x_wconf 60' lang='lat' dir='ltr'><strong>moralia-dici</strong></span> <span class='ocrx_word' id='word_1_329' title='bbox 3908 4345 4168 4434; x_wconf 66' lang='lat' dir='ltr'><strong>achat,</strong></span> <span class='ocrx_word' id='word_1_330' title='bbox 4206 4343 4474 4420; x_wconf 70' lang='lat' dir='ltr'><strong>alum-</strong></span> 
     </span>
    </p>
   </div>
   <div class='ocr_carea' id='block_1_10' title="bbox 1417 4456 4462 4925">
    <p class='ocr_par' dir='ltr' id='par_1_11' title="bbox 1417 4456 4462 4925">
     <span class='ocr_line' id='line_1_32' title="bbox 1418 4456 4451 4566; baseline 0.004 -41"><span class='ocrx_word' id='word_1_331' title='bbox 1418 4477 1690 4543; x_wconf 77' lang='lat' dir='ltr'><strong>rerum,</strong></span> <span class='ocrx_word' id='word_1_332' title='bbox 1759 4456 1968 4532; x_wconf 84' lang='lat' dir='ltr'><strong>etiam</strong></span> <span class='ocrx_word' id='word_1_333' title='bbox 2029 4459 2184 4559; x_wconf 80' lang='lat' dir='ltr'>pias</span> <span class='ocrx_word' id='word_1_334' title='bbox 2245 4485 2491 4538; x_wconf 83' lang='lat' dir='ltr'><strong>causas</strong></span> <span class='ocrx_word' id='word_1_335' title='bbox 2554 4463 2959 4563; x_wconf 71' lang='lat' dir='ltr'><strong>appellatas.</strong></span> <span class='ocrx_word' id='word_1_336' title='bbox 3062 4462 3181 4536; x_wconf 87' lang='lat' dir='ltr'><strong>Ne</strong></span> <span class='ocrx_word' id='word_1_337' title='bbox 3232 4462 3581 4564; x_wconf 79' lang='lat' dir='ltr'><strong>legislator</strong></span> <span class='ocrx_word' id='word_1_338' title='bbox 3644 4465 3935 4565; x_wconf 70' lang='lat' dir='ltr'><strong>quiden</strong></span> <span class='ocrx_word' id='word_1_339' title='bbox 3998 4463 4259 4566; x_wconf 78' lang='lat' dir='ltr'><strong>duplex</strong></span> <span class='ocrx_word' id='word_1_340' title='bbox 4326 4463 4451 4538; x_wconf 81' lang='lat' dir='ltr'><strong>hoc</strong></span> 
     </span>
     <span class='ocr_line' id='line_1_33' title="bbox 1417 4576 4451 4686; baseline 0.004 -41"><span class='ocrx_word' id='word_1_341' title='bbox 1417 4595 1646 4670; x_wconf 76' lang='lat' dir='ltr'><strong>genus</strong></span> <span class='ocrx_word' id='word_1_342' title='bbox 1695 4576 2220 4656; x_wconf 80' lang='lat' dir='ltr'><strong>universitatum</strong></span> <span class='ocrx_word' id='word_1_343' title='bbox 2279 4609 2429 4658; x_wconf 87' lang='lat' dir='ltr'><strong>esse</strong></span> <span class='ocrx_word' id='word_1_344' title='bbox 2478 4585 2859 4684; x_wconf 76' lang='lat' dir='ltr'><strong>ignoravit,</strong></span> <span class='ocrx_word' id='word_1_345' title='bbox 2922 4581 2995 4658; x_wconf 86' lang='lat' dir='ltr'><strong>id</strong></span> <span class='ocrx_word' id='word_1_346' title='bbox 3052 4582 3245 4682; x_wconf 86' lang='lat' dir='ltr'><strong>quod</strong></span> <span class='ocrx_word' id='word_1_347' title='bbox 3288 4607 3378 4658; x_wconf 75' lang='lat' dir='ltr'><strong>ex</strong></span> <span class='ocrx_word' id='word_1_348' title='bbox 3424 4607 3509 4658; x_wconf 87' lang='lat' dir='ltr'>eo</span> <span class='ocrx_word' id='word_1_349' title='bbox 3558 4592 3879 4685; x_wconf 81' lang='lat' dir='ltr'><strong>apparet,</strong></span> <span class='ocrx_word' id='word_1_350' title='bbox 3897 4584 4121 4686; x_wconf 83' lang='lat' dir='ltr'><strong>quod</strong></span> <span class='ocrx_word' id='word_1_351' title='bbox 4164 4584 4283 4659; x_wconf 83' lang='lat' dir='ltr'><strong>ds</strong></span> <span class='ocrx_word' id='word_1_352' title='bbox 4300 4581 4451 4658; x_wconf 80' lang='lat' dir='ltr'><strong>uni·-</strong></span> 
     </span>
     <span class='ocr_line' id='line_1_34' title="bbox 1421 4691 4462 4805; baseline 0.005 -43"><span class='ocrx_word' id='word_1_353' title='bbox 1421 4691 1862 4769; x_wconf 84' lang='lat' dir='ltr'><strong>versitatibus</strong></span> <span class='ocrx_word' id='word_1_354' title='bbox 1927 4723 2370 4797; x_wconf 86' lang='lat' dir='ltr'><strong>personarum</strong></span> <span class='ocrx_word' id='word_1_355' title='bbox 2449 4705 2639 4805; x_wconf 86' lang='lat' dir='ltr'><strong>leges</strong></span> <span class='ocrx_word' id='word_1_356' title='bbox 2708 4702 3017 4802; x_wconf 88' lang='lat' dir='ltr'><strong>scripsit;</strong></span> <span class='ocrx_word' id='word_1_357' title='bbox 3094 4704 3576 4778; x_wconf 85' lang='lat' dir='ltr'><strong>universitates</strong></span> <span class='ocrx_word' id='word_1_358' title='bbox 3652 4729 3811 4780; x_wconf 88' lang='lat' dir='ltr'><strong>vero</strong></span> <span class='ocrx_word' id='word_1_359' title='bbox 3876 4729 4112 4780; x_wconf 83' lang='lat' dir='ltr'><strong>rerum</strong></span> <span class='ocrx_word' id='word_1_360' title='bbox 4173 4704 4462 4779; x_wconf 76' lang='lat' dir='ltr'><strong>nomine</strong></span> 
     </span>
     <span class='ocr_line' id='line_1_35' title="bbox 1417 4811 4453 4925; baseline 0.005 -42"><span class='ocrx_word' id='word_1_361' title='bbox 1417 4811 1704 4910; x_wconf 89' lang='lat' dir='ltr'><strong>quidem</strong></span> <span class='ocrx_word' id='word_1_362' title='bbox 1763 4823 1834 4889; x_wconf 90' lang='lat' dir='ltr'><strong>et</strong></span> <span class='ocrx_word' id='word_1_363' title='bbox 1880 4817 2088 4894; x_wconf 89' lang='lat' dir='ltr'><strong>verbo</strong></span> <span class='ocrx_word' id='word_1_364' title='bbox 2134 4821 2207 4895; x_wconf 92' lang='lat' dir='ltr'><strong>in</strong></span> <span class='ocrx_word' id='word_1_365' title='bbox 2257 4824 2559 4898; x_wconf 85' lang='lat' dir='ltr'><strong>transitu</strong></span> <span class='ocrx_word' id='word_1_366' title='bbox 2605 4824 2877 4924; x_wconf 86' lang='lat' dir='ltr'><strong>attigit,</strong></span> <span class='ocrx_word' id='word_1_367' title='bbox 2932 4823 3056 4899; x_wconf 89' lang='lat' dir='ltr'><strong>sed</strong></span> <span class='ocrx_word' id='word_1_368' title='bbox 3103 4824 3343 4922; x_wconf 86' lang='lat' dir='ltr'><strong>quales</strong></span> <span class='ocrx_word' id='word_1_369' title='bbox 3392 4823 3749 4900; x_wconf 85' lang='lat' dir='ltr'><strong>habendae</strong></span> <span class='ocrx_word' id='word_1_370' title='bbox 3796 4825 3938 4902; x_wconf 87' lang='lat' dir='ltr'><strong>sint</strong></span> <span class='ocrx_word' id='word_1_371' title='bbox 3984 4833 4071 4902; x_wconf 71' lang='lat' dir='ltr'><strong>et</strong></span> <span class='ocrx_word' id='word_1_372' title='bbox 4106 4823 4453 4925; x_wconf 66' lang='lat' dir='ltr'><strong>quomedo</strong></span> 
     </span>
    </p>
   </div>
   <div class='ocr_carea' id='block_1_11' title="bbox 4854 3877 4862 6112">
    <p class='ocr_par' dir='ltr' id='par_1_12' title="bbox 4854 3877 4862 6112">
     <span class='ocr_line' id='line_1_36' title="bbox 4854 3877 4862 6112; baseline 0 0"><span class='ocrx_word' id='word_1_373' title='bbox 4854 3877 4862 6112; x_wconf 95' lang='lat' dir='ltr'><strong> </strong></span> 
     </span>
    </p>
   </div>
  </div>
 </body>
</html>
