4942 6175
1301 652 1341 715 8
2163 650 2242 717 R.
2307 648 2501 717 VAN
2560 646 3022 718 BONEVAL
3080 650 3409 717 FAURE

1303 866 1374 930 et
1436 855 1604 930 haec
1662 854 2038 930 Academia
2103 880 2326 932 curae.
2431 856 2780 955 Respicite
2841 856 3112 931 illorum
3184 866 3572 955 temporum
3634 879 4022 931 aerumnas.
4124 854 4349 941 Vexa-

1302 985 1492 1049 verat
1555 974 1795 1073 iniqua
1853 973 2230 1048 dominatio
2295 975 2587 1073 patriam
2652 975 3043 1049 universam
3068 1034 3086 1063 ‚
3164 984 3469 1049 senserat
3514 974 3893 1051 Academia
3940 976 4023 1051 L.
4058 976 4144 1051 B.
4168 1034 4189 1065 ,
4236 975 4352 1049 cui

1143 1093 1166 1110 ‘
1304 1102 1537 1171 tamen
1605 1095 1763 1194 plus
1823 1118 2034 1193 quam
2095 1093 2378 1169 caeteris
2436 1102 2924 1194 pepercerant,
2986 1095 3411 1171 calamitates
3464 1094 3801 1193 publicas.
3901 1095 4125 1171 Vetus
4172 1097 4351 1170 Aca-

1309 1216 1535 1290 demia
1609 1238 1784 1313 quae
1853 1238 1934 1287 ex
1999 1212 2454 1289 vindicatione
2510 1214 2847 1289 libertatis
2902 1220 3064 1289 nata
3118 1237 3389 1312 semper
3436 1222 3507 1287 et
3556 1212 3627 1286 in
3675 1212 4001 1288 omnibus
4048 1213 4355 1313 spirabat

1308 1334 1690 1409 libertatem
1715 1392 1736 1423 ,
1799 1356 1986 1407 nunc
2048 1331 2310 1408 domita
2375 1344 2446 1408 et
2512 1358 2839 1434 oppressa
2888 1334 3109 1409 veluti
3158 1332 3439 1408 militari
3483 1332 3774 1431 imperio
3824 1333 3914 1408 ad
3968 1333 4351 1439 parendum

1241 1436 1246 1441 ’
1313 1464 1460 1529 erat
1498 1454 1794 1529 redacta.
1898 1452 2088 1527 Hinc
2132 1454 2421 1529 vinculis
2465 1454 2691 1529 soluta
2734 1454 3119 1552 triumphat
3160 1477 3448 1529 excusso
3490 1452 3656 1552 iugo
3691 1451 4179 1528 dominationis
4210 1460 4355 1528 tam

1315 1574 1516 1649 anxie
1573 1580 1644 1647 et
1711 1572 2088 1671 suspiciose
2150 1573 2372 1648 lucem
2425 1573 2758 1673 fugientis
2816 1581 2894 1648 ut
2948 1572 3341 1648 cathedram
3390 1570 3563 1646 iuris
3602 1570 3937 1647 naturalis
3980 1571 4244 1671 publici
4284 1578 4359 1645 et

1315 1693 1626 1793 gentium
1679 1692 1854 1767 ferre
1903 1717 2040 1767 non
2091 1700 2342 1792 posset.

1411 1814 1550 1889 Sed
1607 1813 1882 1914 patriae
1946 1812 2259 1887 liberatio
2326 1812 2744 1888 Academiae
2806 1812 2903 1886 ita
2963 1811 3247 1885 demum
3320 1809 3636 1885 salutaris
3700 1816 3771 1883 et
3834 1808 4163 1909 frugifera
4210 1808 4361 1885 fieri

1313 1942 1581 2035 poterat
1625 1942 1705 2007 ut
1758 1932 1966 2006 veluti
2018 1932 2212 2006 novis
2262 1931 2739 2007 fundamentis
2789 1940 2985 2005 vetus
3030 1929 3409 2007 Academia
3449 1937 3806 2028 tamquam
3860 1929 3949 2003 de
3984 1952 4163 2004 novo
4197 1954 4359 2005 con-

1309 2054 1606 2128 deretur.
1723 2054 2015 2127 Factum
2082 2059 2188 2126 est
2249 2052 2378 2125 hoc
2440 2050 2671 2151 ipsum
2734 2050 2846 2124 die
2912 2058 3106 2126 sexto
3162 2048 3616 2138 Novembris,
3682 2073 3769 2125 ex
3820 2073 3958 2149 quo
4006 2048 4359 2124 decretum

1317 2174 1640 2272 Regium
1675 2171 1788 2245 die
1827 2170 2132 2247 seeundo
2174 2170 2651 2270 praecedentis
2692 2169 2951 2246 mensis
2997 2170 3307 2270 Augusti
3348 2168 3614 2244 factum
3656 2168 3747 2243 ad
3786 2166 4114 2243 effectum
4156 2167 4361 2245 venit.
4494 2220 4504 2225 -

1393 2294 1506 2365 ’Ut
1544 2292 1616 2365 in
1667 2292 1784 2366 illa
1827 2291 2006 2365 tristi
2057 2291 2397 2365 servitute
2435 2291 2701 2391 optime
2746 2301 3099 2366 senserant
3144 2289 3481 2365 libertatis
3532 2289 3757 2378 bona«,
3804 2288 3908 2363 ita
3956 2312 4145 2363 nunc
4182 2290 4381 2365 Aw-

1317 2412 1582 2487 demiae
1634 2410 2013 2485 renascenti
2057 2411 2491 2484 Libertas
2542 2410 2861 2509 spiritum
2912 2410 3263 2508 vitamque
3320 2408 3645 2483 reddidit.
3746 2408 4099 2483 Facundo·
4128 2432 4247 2483 ore
4294 2416 4383 2482 et.

1319 2533 1590 2607 ardenti
1648 2531 1878 2605 animo
1929 2530 1999 2604 id
2048 2538 2200 2605 tum
2250 2530 2691 2628 praedicabat
2742 2530 2929 2604 illius
2976 2530 3143 2604 anni
3198 2530 3453 2604 Rector
3502 2527 3925 2630 Magnificus
3979 2528 4367 2628 praeclarus

1313 2650 1430 2726 ille
1477 2651 1872 2747 Kemperus
1891 2708 1919 2737 ,
1961 2650 2085 2747 qui
2133 2656 2205 2723 et
2246 2657 2452 2724 antea
2504 2658 2859 2748 torpentes
2898 2649 3337 2749 populas-ium
3375 2648 3646 2723 animoa
3684 2648 3774 2723 ad
3806 2633 3999 2747 spem
4032 2647 4385 2723 libertatis.

1315 2780 1636 2847 erexerat-
1683 2779 1754 2845 et
1770 2828 1795 2859 ,
1863 2769 1987 2843 ubi
2031 2769 2150 2843 illa
2204 2793 2367 2866 spes
2415 2768 2719 2857 affulsit,
2787 2768 2949 2843 forti
3002 2777 3077 2843 et
3122 2769 3375 2844 efficaci
3416 2790 3639 2867 opem·
3668 2768 3933 2867 patriae
3976 2766 4367 2844 libertatem

1327 2890 1816 2967 vindicaverat..
1905 2888 2168 2963 Eodem
2225 2888 2464 2963 ardore
2518 2888 2739 2963 animi·
2776 2886 3250 2963 infiammatus
3298 2887 3503 2962 idem·
3530 2894 3602 2962 et
3648 2887 3913 2987 patriae
3966 2886 4181 2963 vitam
4230 2887 4369 2987 spi-

1327 3011 1640 3110 ritusque
1681 3008 1931 3085 liberos
1961 3018 2032 3081 et
2079 3007 2502 3083 Academiae
2552 3007 2888 3098 restituit,
2930 3014 3001 3082 et
3049 3016 3333 3083 vocatus
3366 3008 3516 3108 ipse
3543 3008 3634 3082 ad
3666 3008 4111 3084 Academiam
4160 3007 4374 3083 veluti

1325 3156 1501 3206 nova
1563 3129 1880 3205 libertate
1935 3129 2386 3204 imbuendam
2449 3153 2533 3204 ex
2600 3128 2814 3204 animi
2880 3128 3229 3204 sententia·
3282 3128 3501 3228 aperit
3562 3129 3723 3228 quis
3784 3153 4005 3204 novus
4046 3126 4369 3228 spiritns,

1331 3275 1513 3350 quae
1557 3267 1737 3324 nova
1780 3272 1983 3324 mens
2025 3249 2278 3324 molem
2327 3249 2817 3324 Academioam
2869 3258 3177 3348 permeet
3228 3248 3608 3348 agitetqne.

1419 3367 1884 3444 Institutionis
1942 3368 2262 3468 publicae
2331 3393 2569 3444 curam
2642 3392 2781 3443 non
2834 3393 2961 3469 pro
3008 3391 3217 3446 onera
3268 3369 3561 3467 pecunia
3608 3367 4009 3443 redemtam.
4042 3365 4195 3442 vult
4236 3365 4395 3440 Le·-

1321 3475 1644 3590 ‘gislaton
1709 3488 1850 3563 imo
1907 3513 2064 3564 vero
2117 3489 2294 3564 nihil
2343 3489 2557 3564 habet
2598 3489 2957 3589 antiquius
3011 3513 3225 3587 quam
3270 3495 3353 3564 ut
3394 3487 3915 3586 disciplinarum
3966 3485 4205 3561 studi-
4246 3483 4377 3560 fio·

1325 3618 1522 3684 reant
1573 3609 2006 3707 vigeantque.
2108 3609 2300 3683 Hinc
2352 3609 2808 3684 eruditionem
2864 3607 3149 3684 adiuvat
3196 3617 3270 3682 et
3317 3607 3566 3684 excolit
3583 3665 3604 3696 ,
3656 3607 3919 3707 datque
3969 3625 4248 3705 operam
4290 3611 4382 3679 ut·

1327 3729 1458 3806 ille.
1509 3728 1626 3802 lux
1685 3728 2018 3802 omnibus
2063 3752 2293 3802 rerum
2357 3729 2779 3827 optimarum
2841 3727 3263 3804 feracitatem
3306 3736 3376 3803 et
3429 3727 3850 3803 fertilitatem
3896 3725 4142 3826 pariat.
4240 3723 4381 3800 Illa·

1333 3859 1566 3927 autem
1617 3848 1724 3922 via
1769 3847 1996 3922 vitalis
2043 3858 2112 3922 et
2161 3871 2314 3924 esse
2361 3848 2573 3922 debet
2620 3855 2691 3922 et
2740 3856 2847 3922 est
2894 3847 3313 3923 libertas!

1431 3970 1748 4044 Libertas
1796 3967 2250 4042 institutionis
2289 3967 2745 4044 Academieae
2800 3967 3285 4066 conspicienda
3328 3967 3403 4041 in
3449 3991 3539 4043 eo·
3577 3966 3729 4042 iure
3749 4023 3774 4056 ,
3820 3964 4011 4064 quod
4047 3961 4399 4038 omnibuw

1335 4089 1620 4191 perinde
1691 4085 2089 4162 conceditur
2159 4087 2282 4184 qui
2352 4095 2615 4185 partem
2689 4086 3077 4185 quamlibet
3145 4087 3599 4162 Academicae
3664 4083 4065 4184 disciplinae
4130 4083 4401 4158 docere:

1343 4209 1556 4284 uelint
1575 4267 1596 4298 ,
1666 4231 1794 4282 suo
1863 4204 2202 4282 arbitratu
2267 4205 2583 4281 docendi.
2684 4206 2847 4280 Non
2900 4205 3265 4280 institutus
3329 4205 3799 4280 Profesaornm
3868 4202 4039 4278 orde
4090 4201 4227 4291 dc,
4294 4206 4377 4275 ut

1343 4326 1680 4403 officiatur
1721 4323 1860 4398 luci
1909 4322 2201 4398 aliorum
2258 4321 2316 4396 si
2365 4323 2523 4422 quis
2574 4320 2713 4398 alia
2754 4323 2861 4398 via
2912 4348 2993 4400 ac
3043 4325 3309 4400 ratione
3352 4323 3823 4425 cognoscendi·
3866 4321 4051 4398 sitim
4102 4319 4399 4420 expleres

1341 4471 1544 4548 posse
1589 4452 1713 4520 aut
1761 4441 1898 4517 sibi
1937 4448 2065 4518 aut
2111 4442 2264 4518 aliis
2312 4442 2648 4518 videatur.

1444 4562 1756 4640 Docendi
1819 4560 2101 4636 libertas
2161 4562 2577 4638 constituta:
2646 4563 2837 4639 nulla
2884 4563 3035 4663 lege
3054 4621 3073 4653 ,
3136 4564 3331 4640 nullo
3371 4565 3871 4664 impedimento
3918 4559 4215 4636 liberum
4254 4557 4379 4632 do·

1346 4686 1652 4762 centium
1721 4681 2080 4756 arbitrium
2123 4682 2575 4758 imminutum
2618 4691 2763 4772 est,
2828 4707 2957 4758 sua
3004 4684 3300 4784 quisque
3348 4685 3675 4773 seientia,
3734 4705 3863 4758 sno
3905 4677 4203 4768 iudicio,
4252 4699 4380 4751 sua

1349 4802 1768 4905 experientia
1785 4859 1808 4892 ,
1859 4821 1988 4876 suo
2031 4800 2370 4878 arbitratu
2414 4809 2678 4879 utatur.
