4942 6175
1405 577 1494 645 22
2311 581 2389 647 R.
2457 580 2647 685 VAN
2712 579 3173 651 BONEVAL
3232 584 3559 651 FAURE

1412 784 1886 885 auspicaretur
1941 786 2288 864 oratione=
2359 787 2521 863 nde
2571 788 2813 863 Albini
2859 790 3373 867 a.natomiae
3427 788 3975 867 tractandae
4032 788 4463 869 methodo

1413 916 1972 1006 comparata
2020 931 2220 981 cum
2277 932 2380 981 ea
2429 931 2699 1007 quam
2748 915 3077 985 nostra
3124 916 3557 1013 tempora
3602 909 3799 985 sibi
3846 910 4461 1011 deposcunt.”

1413 1025 1769 1101 Audacter
1817 1035 1887 1101 et-
1935 1027 2360 1101 confidenter
2409 1028 2799 1126 praesentia
2846 1028 3011 1105 vitia
3056 1029 3289 1129 arguit
3330 1038 3405 1107 et
3448 1030 3839 1131 corrigendi
3892 1028 4075 1105 viam
4122 1038 4458 1107 monstra·

1415 1146 1552 1235 vit,
1619 1154 1690 1219 et
1759 1146 2097 1245 quamdiu
2145 1170 2432 1221 munere
2482 1145 2767 1221 functus
2816 1156 2924 1224 est
2968 1147 3201 1223 studio
3246 1147 3593 1225 indefesso
3638 1172 4021 1249 numquam
4072 1146 4344 1225 destitit
4384 1148 4459 1223 id

1409 1288 1735 1363 quaerere
1754 1322 1775 1353 ‚
1840 1265 1914 1338 id
1977 1290 2216 1364 parare
2239 1324 2260 1355 ‚
2326 1264 2518 1365 quod
2565 1274 2749 1341 esset
2786 1266 2855 1340 in
2905 1291 3035 1341 sua
3082 1278 3230 1344 arte
3274 1268 3871 1368 perfectissimum.
3974 1268 4089 1343 Sic
4146 1268 4287 1344 sibi
4341 1292 4457 1367 pa·

1406 1384 1583 1458 ravit
1647 1384 1996 1459 adiutores
2057 1385 2565 1465 sollertissimas
2587 1445 2607 1473 ‚
2670 1386 2929 1484 quibus
2998 1386 3217 1461 fretus
3280 1387 3681 1487 disciplinae
3730 1388 3909 1465 fines
3956 1386 4348 1487 proferebat
4388 1394 4461 1461 et

1409 1504 1562 1603 ipse
1619 1512 1810 1578 totus
1868 1514 2015 1579 erat
2075 1505 2146 1579 in
2217 1528 2302 1579 eo
2367 1530 2508 1606 quo
2578 1505 2882 1583 maxime
2946 1516 3193 1583 natura
3245 1506 3564 1583 ducebat.
3666 1506 3781 1583 Sic
3850 1507 4163 1583 subsidia
4208 1505 4349 1581 sibi
4390 1514 4461 1583 et

1409 1622 1872 1698 instrumenta
1939 1624 2237 1719 paravit,
2315 1624 2462 1699 siue
2530 1625 2791 1723 quibus
2851 1626 2928 1700 id
2989 1627 3179 1725 quod
3241 1626 3427 1703 iuste
3498 1626 3875 1727 requiritur
3934 1626 4265 1727 praestari
4324 1648 4460 1701 nm

1411 1750 1660 1841 potest.
1761 1743 2035 1816 Bonum
2110 1743 2370 1818 factum
2433 1754 2543 1819 est
2608 1744 2681 1821 et
2746 1745 2975 1821 decori
3023 1748 3441 1825 Academiae
3494 1746 3566 1823 et
3611 1746 3747 1848 ipsi
3796 1756 3877 1823 nt
3920 1747 4041 1822 illo
4082 1746 4239 1847 ipso
4290 1754 4461 1821 tem-

1409 1888 1576 1963 pore
1621 1886 1876 1937 novum
1925 1863 2276 1939 theatrum
2327 1866 2794 1941 anatomicam
2842 1866 3322 1943 aedificaretur
3340 1926 3361 1956 ,
3428 1892 3731 1967 namque
3780 1866 3869 1943 de
3910 1866 4133 1965 ipsius
4180 1864 4463 1941 consilio

1407 1983 1508 2056 ita
1557 1991 2027 2080 comparatum
2073 1992 2179 2057 est
2227 1993 2308 2057 ut
2351 2009 2511 2059 cum
2558 1986 3146 2083 praestantissimo
3191 2010 3509 2085 quoque,
3574 1986 3785 2062 etiam
3835 1996 4229 2061 exterorum
4282 1982 4461 2057 indi-

1407 2103 1516 2176 cio
1536 2160 1554 2190 ,
1607 2102 2020 2176 contendere
2064 2104 2306 2201 possit.
2406 2104 2755 2179 Utebatur
2800 2105 2985 2179 idem
3030 2130 3113 2179 ea
3160 2106 3455 2181 docendi
3506 2106 3835 2181 methodo
3876 2114 3951 2179 et
3994 2102 4359 2179 alacritate·
4386 2111 4463 2175 ut

1409 2222 1620 2297 etiam
1681 2221 2014 2297 tardiores
2079 2222 2396 2298 incitaret
2459 2233 2531 2297 et
2578 2224 2921 2299 acutiores
2970 2224 3435 2300 inflammaret
3476 2250 3562 2299 ex
3608 2250 3751 2324 quo
3800 2224 4117 2301 omnium
4164 2220 4461 2297 admira·

1407 2342 1666 2416 tionem
1727 2341 1889 2416 tulit
1947 2351 2020 2416 et
2073 2342 2349 2417 laudem
2372 2401 2390 2431 ,
2461 2352 2679 2417 artem
2735 2344 3195 2422 anatomicam
3218 2402 3239 2433 ‚
3290 2368 3514 2443 quum
3562 2344 3815 2419 iaceret
3836 2401 3857 2432 ‚
3908 2350 4209 2417 erectam
4260 2351 4333 2416 et
4372 2338 4463 2415 ad

1411 2485 1770 2537 summum
1840 2462 2202 2561 fastigium
2276 2487 2399 2561 per
2460 2462 2659 2537 illum
2733 2464 3140 2561 productam
3209 2488 3381 2539 esse.
3480 2464 3774 2539 Factum
3838 2472 3947 2538 est
4005 2488 4091 2537 ex
4152 2461 4307 2562 ipsa
4366 2460 4465 2534 rei

1411 2591 1698 2669 natura,
1769 2590 1847 2655 ut
1921 2581 2410 2669 Halbertsma,
2478 2606 2699 2679 quum
2760 2591 2949 2656 totus
3011 2582 3425 2659 Anatomiae
3484 2606 3715 2657 amore
3774 2582 4045 2657 arderet
4112 2582 4187 2655 in
4254 2578 4466 2653 altera

1415 2698 1764 2801 provincia
1825 2724 1965 2773 non
2029 2700 2196 2774 satis
2263 2698 2396 2774 sibi
2449 2700 2599 2798 ipse
2652 2700 3093 2777 satisfaceret.
3198 2702 3445 2800 Neque
3498 2710 3731 2777 tamen
3788 2698 4295 2801 Physiologiam
4342 2720 4467 2773 ne·

1411 2818 1724 2921 gligebat
1743 2876 1762 2906 ,
1835 2829 1907 2893 et
1973 2817 2044 2891 in
2120 2842 2202 2893 ea
2264 2843 2543 2917 qnoque
2602 2820 2881 2920 egregie
2940 2830 3251 2897 versatus
3314 2829 3459 2910 est,
3524 2821 3651 2897 sed
3706 2819 4143 2920 intelligebat
4202 2815 4469 2917 optime

1411 2938 1921 3039 Physiologiam
1971 2961 2134 3011 eum
2185 2938 2404 3013 virum
2455 2939 2591 3013 sibi
2640 2940 3009 3039 deposcere
3048 2942 3173 3040 qui
3215 2940 3287 3016 in
3326 2940 3447 3017 illa
3492 2950 3637 3015 arte
3683 2948 3873 3015 totus
3908 2946 4115 3015 esset.
4217 2938 4468 3035 Itaque

1414 3059 1730 3160 flagitare
1795 3082 1932 3132 non
1985 3058 2254 3134 destitit
2309 3069 2387 3133 ut
2433 3084 2639 3136 suum
2685 3060 2821 3135 sibi
2872 3060 3314 3162 Physiologia
3361 3060 3809 3161 professorem
3860 3058 4147 3136 haberet
4164 3116 4187 3147 ‚
4248 3066 4323 3130 et
4372 3054 4469 3133 ita

1416 3179 1698 3253 demum
1761 3177 2284 3254 Laboratorium
2335 3179 2892 3280 Physiologicum
2944 3183 3327 3281 comparari
3374 3205 3611 3280 posse,
3672 3199 3883 3280 quam
3934 3201 4081 3253 rem
4126 3174 4469 3278 imprimis

1417 3297 1870 3372 necessariam
1917 3323 2068 3371 esse
2112 3298 2657 3375 demonstrabat.
2776 3301 2955 3379 Quis
3002 3301 3237 3376 credat
3292 3309 3435 3376 tam
3490 3303 3757 3374 iustum
3806 3297 4229 3374 desiderium
4252 3354 4273 3384 ,
4322 3305 4464 3370 tam

1417 3417 1694 3490 salubre
1755 3427 1824 3490 et
1887 3415 2294 3516 frugiferum
2359 3445 2441 3493 ex
2494 3429 2683 3494 tanta
2742 3420 2956 3494 animi
3000 3420 3485 3519 magnitudine
3530 3419 3911 3519 profectum
3960 3416 4233 3492 tamdiu
4276 3415 4465 3492 inex·

1418 3537 1684 3635 pletum
1735 3537 2105 3611 mansisse!
3730 3597 3734 3602 .
4240 3522 4248 3530 ’

1515 3655 1902 3731 Candorem
1949 3655 2162 3730 animi
2212 3658 2468 3754 aperti,
2538 3682 2679 3755 quo
2732 3657 2997 3732 solebat
3050 3659 3277 3734 dicere
3324 3659 3733 3733 sententiam
3756 3713 3775 3743 ,
3835 3664 3911 3728 et
3958 3651 4463 3728 humanitatem

1417 3801 1559 3876 qua
1623 3777 1694 3850 in
1764 3776 2249 3852 dissentientes
2319 3776 2685 3866 utebatur,
2750 3802 3133 3875 numquam
3188 3778 3511 3876 deposuit
3552 3785 3623 3850 et
3666 3775 3909 3850 eodem
3956 3772 4193 3848 animo
4242 3793 4461 3870 quum

1418 3897 1866 3970 Rectoratum
1937 3895 2308 3993 deponeret
2365 3896 2579 3972 libere
2634 3897 2813 3972 dixit
2875 3897 2964 3972 de
3011 3921 3249 3998 pugna
3290 3898 3471 3971 inter
3514 3893 3894 3970 Praeticam
3945 3902 4019 3965 et
4064 3890 4467 3990 disciplinas

1417 4015 1813 4113 biologicas.
1913 4013 2162 4112 Neque
2218 4014 2416 4089 aliter
2483 4017 2633 4090 fieri
2697 4026 2987 4114 poterat.
3090 4019 3255 4092 Erat
3324 4042 3409 4090 ex
3454 4015 3751 4090 candore
3796 4020 3868 4085 et
3913 4009 4349 4086 humanitate
4396 4014 4467 4082 et

1419 4133 1898 4208 benevolentia
1951 4131 2218 4206 indoles
2278 4141 2422 4208 tota
2484 4135 2883 4233 composita.
2986 4137 3172 4235 Erga
3228 4136 3525 4233 collegas
3544 4191 3565 4220 ,
3628 4131 3999 4208 famil‘mrea
4015 4189 4036 4220 ‚
4088 4129 4467 4229 discipulos

1421 4275 1693 4351 semper
1739 4261 1811 4326 et
1861 4251 2122 4348 ubique
2169 4251 2567 4350 apparebat.

1519 4373 1752 4446 Natus
1785 4371 1857 4445 in
1903 4371 2124 4446 Frisia
2152 4371 2521 4469 resipiebat
2550 4371 2878 4470 patriam3
2921 4371 3143 4471 acrior
3170 4393 3691 4471 nonnumquam
3722 4377 3847 4444 aut
3876 4369 4083 4470 paulo
4112 4367 4463 4442 truculen-

1423 4490 1556 4563 tior
1587 4513 1723 4563 non
1765 4499 1910 4565 erat
1938 4501 2294 4589 propterea
2319 4490 2557 4566 minus
2586 4491 2933 4568 humanus
2958 4493 3080 4566 sed
3106 4491 3409 4580 habebat
3432 4489 3713 4566 insitam
3742 4488 3977 4562 animo
4004 4486 4463 4596 nobilitatem.

1425 4609 1586 4683 Non
1634 4609 1896 4684 natales
1939 4610 2060 4683 sed
2107 4610 2330 4685 virtus
2366 4636 2528 4686 eum
2573 4611 2869 4686 faciebat
2909 4611 3211 4686 nobilem
3236 4667 3256 4700 ‚
3310 4609 3415 4685 vel
3466 4617 3547 4684 ut
3588 4631 3775 4682 nnnc
3824 4606 4177 4704 loquimur
4194 4663 4217 4694 ‚
4266 4603 4463 4678 nobi·

1424 4728 1708 4817 litabat,
1760 4752 2180 4828 quamquam
2227 4755 2308 4806 ea
2351 4731 2556 4807 verba
2606 4755 2775 4806 auro
2822 4731 3151 4831 inscripta
3194 4753 3333 4805 non
3382 4727 3747 4826 fulgebant
3792 4725 3857 4800 ei
3904 4724 3977 4798 in
4030 4732 4331 4822 pectore.
