4942 6175
1346 615 1477 682 160
2466 615 2533 684 1².
2583 617 3260 686 LERMERINS

1347 820 1636 921 diligere
1682 822 1943 898 sensim
1988 823 2212 922 magis
2254 822 2489 922 coepi,
2549 848 2689 923 quo
2727 825 2956 924 magis
3005 823 3324 923 perspexi
3364 832 3710 925 quantum
3759 849 3924 925 prae
3971 826 4180 926 longe
4231 827 4388 927 plu-

1345 941 1539 1017 rimis
1585 942 1891 1018 excellat.
1993 942 2131 1016 Sed
2173 951 2442 1040 praeter
2485 942 2822 1042 reliquam
2842 1002 2863 1033 ,
2913 943 3003 1019 de
3051 969 3194 1042 qua
3233 943 3422 1032 dixi,
3474 943 3602 1017 viri
3615 944 3961 1026 ,virtutem
4001 954 4074 1020 et
4099 945 4390 1022 eximias

1345 1061 1607 1160 ingenii
1648 1061 1843 1135 dotes
1884 1061 2075 1137 aliud
2125 1061 2337 1159 quid,
2388 1062 2477 1137 de
2517 1087 2657 1161 quo
2695 1087 2836 1139 non
2881 1063 3063 1153 dixi,
3112 1064 3186 1136 in
3235 1087 3318 1138 eo
3363 1063 3648 1138 maximi
3688 1064 3885 1141 facio.
3976 1066 4388 1166 Numquam

1342 1181 1459 1256 ille
1476 1239 1497 1270 ‚
1567 1204 1775 1278 quem
1844 1180 2159 1256 divinum
2224 1181 2660 1282 appellarunt
2716 1207 2952 1258 senem
2973 1241 2993 1272 ,
3044 1182 3133 1257 de
3177 1208 3250 1258 se
3300 1183 3608 1282 loquitur
3625 1242 3646 1273 ‚
3696 1209 3968 1284 semper
4009 1196 4248 1262 contra
4295 1187 4385 1262 de

1340 1308 1485 1376 arte
1554 1324 1715 1389 sua,
1787 1325 1999 1400 quam
2062 1325 2202 1376 non
2267 1327 2342 1376 se
2402 1301 2783 1391 invenisse,
2851 1327 2988 1378 non
3039 1327 3113 1376 se
3159 1303 3550 1402 provexisse
3597 1303 3808 1379 iactat
3827 1364 3849 1394 ‚
3899 1305 4023 1379 sed
4070 1305 4384 1380 modeste

1345 1420 1641 1496 affirmat
1704 1445 1854 1496 eam
1922 1445 2071 1496 esse
2128 1422 2596 1519 quaerendam
2651 1431 2723 1496 et
2792 1422 3011 1510 viam,
3074 1447 3214 1520 qua
3255 1423 3346 1497 ad
3389 1447 3542 1498 eam
3585 1423 3820 1498 aditus
3861 1433 4136 1522 pateat,
4189 1449 4382 1500 mon-

1342 1549 1538 1615 strat.
1638 1542 1751 1614 Ita
1806 1541 2092 1640 quidem
2145 1541 2281 1615 sibi
2324 1542 2604 1617 laudem
2653 1541 3016 1642 acquisivit
3059 1543 3250 1642 apud
3293 1543 3616 1642 aequales
3633 1599 3656 1633 ,
3705 1543 3804 1619 ita
3845 1543 4036 1643 apud
4073 1553 4384 1644 posteros

1341 1660 1631 1761 gloriam
1680 1671 2062 1758 numquam
2112 1661 2529 1758 perituram!

1436 2018 1837 2093 Abeuntem
1898 2027 2230 2094 rectorem
2300 2043 2386 2094 ex
2452 2016 2628 2117 legis
2671 2015 3088 2116 praescripto
3131 2015 3382 2091 referre
3429 2026 3700 2116 oportet
3744 2019 3834 2092 de
3881 2019 4092 2094 rebus
4139 2021 4380 2096 acade-

1339 2139 1537 2214 micis
1574 2163 1953 2236 earumque
2000 2148 2154 2213 tum
2204 2162 2566 2239 prosperas
2606 2153 2758 2213 tum
2807 2137 3128 2212 adversas
3165 2137 3496 2212 memoria
3537 2149 3869 2236 repetere.
3970 2140 4185 2217 Quod
4226 2141 4380 2240 qui-

1339 2260 1503 2334 dem
1564 2258 1737 2333 mihi
1801 2283 2077 2358 quoque
2134 2283 2321 2333 nunc
2378 2256 2771 2332 faciendum
2836 2269 3150 2354 superest
3166 2314 3187 2345 ,
3261 2263 3334 2330 et
3392 2245 3532 2358 qua
3609 2259 3915 2333 muneris
3989 2269 4180 2358 parte
4235 2259 4377 2336 iam

1341 2378 1701 2478 defungar.
1834 2379 2251 2455 Summotim
2332 2403 2634 2467 annum,
2714 2377 2836 2476 qui
2909 2378 3209 2452 elabitur
3231 2436 3252 2467 ‚
3323 2377 3752 2453 fortunatum
3823 2377 4038 2453 fuisse
4109 2391 4380 2454 nostrae

1340 2499 1769 2573 universitati
1809 2499 2147 2575 affirmare
2193 2500 2372 2575 licet.
2475 2499 2674 2574 Bona
2719 2523 2848 2573 nec
2892 2523 3114 2597 pauca
3136 2555 3156 2588 ‚
3217 2520 3446 2597 neque
3495 2497 3748 2596 exigua
3781 2498 3848 2572 ei
3898 2498 4377 2599 contigerunt3

1340 2619 1592 2695 accidit
1645 2618 1929 2718 quidem
1984 2621 2179 2694 triste
2229 2619 2496 2718 aliquid
2539 2627 2610 2691 et
2651 2617 3089 2716 irreparabile
3107 2677 3130 2708 ,
3195 2643 3418 2717 quum
3481 2639 3698 2692 unum
3747 2641 3788 2690 e
3841 2616 4108 2693 civibus
4163 2627 4381 2692 morte

1336 2745 1773 2838 praematura
1851 2737 2053 2812 nobis
2136 2746 2454 2838 ereptum
2537 2735 2893 2812 doleamus
2911 2790 2932 2828 ,
3021 2738 3145 2813 sed
3211 2736 3426 2838 probe
3464 2736 3755 2811 memini
3811 2761 3959 2827 me,
4008 2762 4172 2813 cum
4213 2737 4381 2813 olim

1339 2855 1825 2954 magistratum
1882 2880 2193 2932 annuum
2248 2857 2682 2957 deponebam
2701 2915 2723 2945 ‚
2773 2857 3084 2956 quinque
3129 2858 3594 2933 studiosorum
3644 2857 3889 2932 funera
3935 2857 4380 2933 memoranda

1340 2975 1669 3052 habuisse
1732 2983 1803 3050 et
1859 3001 2047 3051 raros
2109 3001 2259 3051 esse
2316 2977 2477 3052 novi
2540 3000 2760 3052 annos
2777 3035 2798 3066 ,
2866 2977 2990 3076 qui
3051 3003 3094 3052 a
3154 2977 3488 3054 luctuosis
3534 2976 3745 3052 huius
3789 2976 4063 3076 generis
4104 2977 4380 3052 casibus

1337 3122 1618 3197 prorsus
1664 3097 1803 3171 sint
1840 3094 2059 3173 liberi.
2110 3140 2209 3155 —
2258 3098 2365 3172 Ex
2407 3107 2798 3174 curatorum
2823 3156 2844 3187 ‚
2893 3097 3354 3197 professorum
3395 3098 3756 3174 ordinibus
3779 3120 3985 3173 nemo
4007 3096 4154 3174 fato
4176 3122 4374 3173 occu-

1334 3215 1527 3302 buit3
1582 3258 1673 3275 -
1724 3216 2121 3291 docentium
2166 3241 2498 3293 uumerus
2529 3242 2670 3295 uno
2697 3226 2806 3293 est
2828 3225 3112 3307 auctus;
3156 3218 3610 3294 bibliothecae
3637 3242 3862 3294 novae
3892 3242 4031 3294 usu
4047 3218 4377 3319 gloriatur

1338 3335 1689 3411 academia
1742 3344 1994 3411 nostra.
2096 3336 2262 3410 Fuit
2304 3336 2522 3434 igitur
2574 3336 2686 3412 hic
2731 3359 2957 3411 annus
3000 3335 3066 3411 ei
3112 3335 3275 3411 felix
3318 3344 3392 3411 et
3425 3334 3722 3413 faustus.

1431 3454 1696 3529 Verum
1762 3455 1852 3529 de
1930 3455 2223 3554 singulis
2285 3457 2496 3555 paulo
2563 3456 2990 3532 enucleatius
3051 3456 3578 3554 exponendum;
3646 3456 3885 3556 itaque
3933 3455 4240 3557 primum
4288 3456 4374 3531 de

1337 3574 1646 3674 personis
1689 3574 2097 3649 academicis
2114 3634 2135 3663 ,
2189 3575 2351 3651 dein
2397 3576 2486 3651 de
2537 3575 2924 3650 studiorum
2977 3575 3456 3651 instrumentis
3506 3574 3916 3652 videbimus.

1432 3694 1617 3770 Cum
1712 3690 2011 3769 vestrum
2078 3694 2395 3770 ordinem
2465 3696 2822 3770 intuemur
2838 3752 2858 3785 ‚
2938 3694 3063 3768 viri
3136 3694 3581 3795 amplissimi!
3686 3696 3906 3771 salvos
3985 3721 4104 3772 vos
4183 3720 4332 3770 esse
4353 3753 4376 3786 ,

1335 3813 1526 3912 quod
1600 3814 1824 3889 dicere
1905 3839 2259 3913 coeperam
2282 3873 2303 3905 ,
2380 3816 2770 3915 gaudemus
2837 3824 2909 3891 et
2975 3815 3167 3890 vobis
3237 3816 3688 3915 gratulamur.
3751 3856 3756 3861 ·
3810 3797 4075 3891 Rerum
4147 3827 4375 3891 tamen

1337 3932 1798 4007 humanarum
1871 3934 2302 4009 mutabilitas
2367 3936 2442 4009 in
2509 3934 2627 4009 illo
2691 3935 2898 4009 etiam
2967 3943 3270 4034 apparet.
3368 3934 3495 4009 Vir
3559 3934 4032 4014 nobilissimus
4099 3934 4189 4009 de
4232 3934 4374 4009 Vos

1338 4076 1471 4127 van
1546 4052 1919 4146 Steenwijk
1980 4054 2383 4151 gravissimo
2438 4079 2512 4127 se
2567 4054 2912 4129 abdicavit
2961 4078 3248 4129 munere
3265 4112 3286 4144 ,
3337 4056 3528 4155 quod
3575 4056 3648 4129 in
3693 4055 3991 4131 finitima
4031 4053 4375 4154 provincia

1340 4168 1599 4245 multos
1636 4194 1853 4245 annos
1891 4172 2126 4270 gessit.
2229 4174 2382 4247 Rex
2422 4182 2658 4248 autem
2696 4174 3235 4272 augustissimus
3253 4232 3274 4264 ,
3323 4200 3542 4273 quum
3589 4176 3810 4251 otium
3851 4174 3988 4249 sibi
4026 4173 4377 4273 expetenti

1336 4290 1741 4366 concederet
1754 4350 1775 4379 ,
1840 4290 2099 4389 insigni
2168 4290 2365 4367 illum
2428 4292 2695 4367 ornavit
2761 4293 3042 4368 honore.
3145 4293 3528 4394 Utramque
3572 4319 3718 4369 rem
3764 4294 4034 4369 absenti
4073 4294 4372 4394 gratula-

1332 4436 1495 4486 mur
1558 4420 1633 4485 et
1702 4419 1859 4486 vota
1903 4409 2232 4500 facimus,
2297 4420 2379 4485 ut
2444 4412 2547 4486 vir
2614 4412 3083 4512 amplissimus
3103 4471 3123 4503 ‚
3191 4413 3278 4488 de
3329 4414 3539 4489 rebus
3585 4414 3836 4489 nostris
3891 4413 4374 4489 meritissimus

1341 4531 1525 4606 salva
1574 4531 1867 4606 sanitate
1916 4530 2039 4604 diu
2088 4530 2359 4607 fruatur
2406 4532 2548 4606 otio
2598 4532 2731 4606 sibi
2778 4532 2979 4608 facto,

1438 4650 1619 4725 'I'um
1684 4674 1841 4725 vero
1904 4674 2043 4725 nou
2098 4651 2396 4749 amplius
2444 4651 2680 4727 sedem
2721 4676 2919 4727 suam
2967 4652 3157 4751 apud
3201 4677 3319 4728 vos
3367 4664 3694 4753 occupat,
3745 4654 3869 4753 qui
3911 4678 4036 4753 per
4080 4662 4374 4753 quatuor

1336 4768 1556 4845 lustra
1640 4780 1713 4843 et
1802 4770 1984 4845 ultra
2067 4770 2261 4846 vobis
2324 4771 2414 4847 ab
2488 4772 2658 4848 actis
2730 4772 2905 4863 fuit,
2976 4772 3076 4847 vir
3137 4773 3582 4873 gravissimus
3653 4775 4076 4852 Geertsema.
4193 4774 4372 4864 Vos,
