4942 6175
1443 630 1530 698 80
2410 624 2798 692 SERIES
2863 625 3516 695 LECTIONUM.
3640 682 3651 711 ι

1649 836 2124 935 Antiquitates
2199 834 2551 908 Romanas
2630 834 2944 923 docebit,
3024 834 3269 909 diebus
3338 834 3581 909 Lunae
3602 894 3621 924 ,
3702 836 3953 911 Martis
4028 844 4105 910 et

1746 956 2116 1043 Mercurii,
2179 1010 4096 1033 ...........................
4152 955 4321 1031 hora
4349 958 4488 1033 xn.

1652 1077 1837 1151 Cum
1900 1075 2107 1175 paulo
2177 1073 2717 1171 provectioribus
2785 1072 3307 1171 Antiquitatum
3372 1074 3843 1149 Romanarum
3894 1098 4104 1151 causa

1755 1197 1936 1295 leget
1999 1194 2315 1269 Tacitum
2383 1200 2456 1267 et
2525 1192 2933 1268 Suetonium
2952 1252 2973 1281 ,
3042 1193 3293 1267 diebus
3340 1192 3525 1267 Iovis
3582 1202 3653 1267 et
3704 1194 4026 1283 Veneria,
4081 1253 4100 1271 .
4352 1194 4484 1268 ΧΠ.

1659 1316 1942 1391 Scholas
1992 1312 2504 1411 Paedagogicas
2553 1313 2839 1388 habebit
2887 1313 3135 1387 diebus
3186 1312 3433 1386 Martis
3482 1321 3552 1386 et
3602 1314 3823 1405 Iovis,
3897 1373 3914 1390 .
3991 1371 4009 1389 .
4080 1372 4097 1391 .
4412 1315 4487 1387 11.

1653 1438 1898 1511 Artem
1952 1434 2304 1507 metricam
2357 1432 2583 1506 tradet
2632 1433 2881 1507 diebus
2932 1432 3219 1509 Veneris
3266 1440 3338 1507 et
3391 1432 3711 1522 Saturni,
3780 1492 3798 1511 .
3870 1493 3887 1510 .
3940 1490 3961 1511 .
4016 1492 4033 1510 .
4087 1492 4104 1510 .
4444 1434 4489 1509 1.

1659 1555 2036 1655 Scriptores
2085 1554 2384 1627 Graecos
2430 1552 2732 1628 cursoria
2781 1554 3071 1629 lectione
3122 1553 3443 1628 tractabit
3493 1551 3606 1627 die
3654 1553 3907 1628 Martis
3945 1554 4112 1628 hora

1754 1673 2141 1773 vespertina
2159 1730 2180 1759 ,
2247 1729 2264 1747 .
2336 1728 4106 1749 .........................
4161 1671 4490 1749 Vll-lx.

1657 1793 1869 1869 Initia
1929 1791 2505 1890 Palaeographiae
2554 1790 2857 1866 Graecae
2906 1792 3293 1869 candidatis
3344 1792 3765 1867 Litterarum
3815 1792 4113 1891 explica·

1763 1914 1868 1988 bit
1917 1912 2030 1987 die
2081 1911 2404 1999 Saturni,
2474 1968 2492 1986 .
2559 1964 4107 1989 ......................
4200 1911 4493 1989 lX—Xl.

1461 2049 1533 2111 B.
1571 2048 1635 2107 P.
1677 2048 1749 2107 A.
1793 2045 1999 2106 DOZY
2069 2030 2455 2105 Historiam
2524 2031 2976 2106 universalem
3055 2032 3468 2131 explicabit,
3524 2031 3771 2107 diebus
3835 2031 4115 2122 Lunae,

1551 2154 1804 2231 Martis
1851 2160 1922 2227 et
1973 2150 2340 2238 Mercurii,
2411 2206 3743 2231 ...................
3770 2170 3775 2175 ’
3800 2208 4109 2229 .....
4392 2151 4497 2225 xl.

1654 2274 1902 2349 Varios
1973 2272 2156 2347 locos
2231 2268 2553 2345 historiae
2598 2272 2747 2345 aevi
2794 2270 3003 2345 medii
3062 2280 3133 2346 et
3186 2270 3508 2347 historiae
3561 2270 3951 2347 recentioris
4000 2296 4117 2347 ex-

1753 2402 2004 2494 ponet,
2071 2390 2320 2465 diebus
2369 2388 2611 2465 Lunae
2660 2398 2733 2465 et
2784 2390 3111 2466 Mercurii
3130 2446 4099 2480 ..............
4452 2388 4499 2461 Ι.

1652 2513 1923 2589 Literas
1971 2509 2306 2585 Arabicas
2328 2567 2348 2597 ,
2418 2509 2831 2587 Chaldaicas
2885 2520 2956 2587 et
3008 2512 3323 2611 Syriacas
3370 2510 3683 2599 docebit,
3736 2510 3849 2584 die
3894 2510 4078 2584 Iovis
4097 2567 4118 2598 ,
4250 2510 4380 2581 let
4408 2508 4505 2594 11,

1852 2639 1924 2705 et
1972 2630 2086 2703 die
2137 2628 2460 2717 Veneris,
2539 2686 2555 2703 .
2632 2684 4119 2707 .....................
4429 2626 4505 2699 11.

1657 2751 2089 2851 Scriptorum
2145 2746 2599 2824 Arabicorum
2647 2750 2829 2825 locos
2888 2750 3173 2827 selectos
3229 2750 3827 2849 interpretabitur,
3878 2746 4126 2823 diebus

1479 2964 1482 2967 .
1763 2870 2005 2945 Lunae
2053 2875 2127 2940 et
2177 2866 2427 2941 Martis
2445 2924 2466 2955 ,
2539 2925 2556 2943 .
2622 2924 2642 2945 .
2714 2923 4117 2948 ....................
4428 2865 4506 2939 11.

1469 3002 1554 3067 M.
1596 3000 1700 3062 DE
1743 3000 1972 3061 VEIES
2037 2986 2387 3087 Linguam
2457 2985 2866 3087 Literasque
2911 2989 3169 3089 patrias
3217 2990 3628 3092 explicabit,
3679 2988 3928 3065 diebus
3982 2986 4127 3061 Lu-

1565 3134 1724 3198 nae,
1779 3108 2028 3183 Martis
2075 3115 2148 3181 et
2193 3107 2565 3197 Mercurii,
2640 3165 4121 3189 .....................
4431 3105 4505 3179 Π.

1670 3228 2017 3327 Linguam
2086 3226 2493 3325 Literasque
2563 3228 2819 3326 patrias
2890 3229 3103 3304 medii
3170 3233 3323 3306 aevi
3392 3230 3765 3331 explicabit
3782 3288 3801 3321 ,
3880 3228 4129 3306 diebus

1770 3347 2020 3422 Martis
2068 3354 2140 3421 et
2191 3347 2374 3420 Iovis
2390 3405 2411 3434 ,
2480 3405 2497 3422 .
2578 3403 4127 3430 ......................
4408 3345 4511 3419 111.

1675 3468 2023 3567 Linguam
2052 3466 2457 3564 Literasque
2483 3465 2741 3564 patrias
2764 3467 3017 3542 saeculi
3041 3469 3245 3543 XVII
3274 3471 3644 3569 explicabit
3658 3529 3677 3560 ,
3710 3471 3825 3546 die
3846 3467 4129 3557 Martis,
4468 3465 4513 3537 Ι.

1683 3590 1792 3662 De
1861 3587 2100 3686 lingua
2162 3571 2385 3686 patria
2457 3610 2630 3685 pure
2696 3594 2766 3661 et
2823 3588 3171 3687 eleganter
3220 3589 3580 3666 scribenda
3624 3598 3785 3691 aget
3806 3648 3827 3680 ,
3877 3586 4133 3663 additis

1781 3705 2120 3782 exercitiis
2175 3705 2493 3804 practicis
2516 3763 2537 3794 ,
2590 3706 2773 3780 horis
2824 3717 3062 3807 postea
3110 3709 3632 3784 constituendis.

1691 3826 1971 3900 Carmin
1980 3850 2098 3900 um
2169 3825 2384 3900 medii
2447 3827 2597 3901 aevi
2644 3826 3278 3926 interpretationem
3326 3829 3631 3906 criticam
3682 3825 4135 3927 provectiores

1787 3943 2104 4032 docebit,
2155 3944 2270 4019 die
2318 3945 2567 4020 Martis
2585 4002 3623 4036 ...............
3658 3991 3665 3996 ·
3678 4000 4132 4024 .......
4406 3937 4519 4013 Vl·

1599 4070 1624 4158 ξ
1697 4064 2043 4161 Linguam
2091 4062 2456 4137 Gothicam
2512 4065 2779 4156 tradet,
2831 4067 2944 4142 die
2994 4068 3214 4157 Iovis,
3287 4126 3304 4143 .
3383 4127 3399 4144 .
3466 4125 3484 4143 .
3537 4125 3554 4143 .
3608 4125 3625 4143 .
3661 4138 3672 4147 ..
3679 4118 4132 4144 .......
4456 4059 4525 4143 l·

1898 4189 1970 4254 et
2016 4178 2344 4268 Veneris,
2420 4237 2437 4255 .
2512 4237 2529 4257 .
2598 4237 4135 4264 ......................
4416 4175 4527 4248 lll-

1702 4301 2049 4401 Linguam
2099 4298 2771 4399 Anglo·Saxonioam
2818 4311 2889 4376 et
2938 4301 3259 4379 Veterem
3306 4304 3635 4382 Frisicam
3677 4303 3935 4391 tradet,
3992 4299 4137 4376 die·

1801 4420 1938 4496 bus
1985 4426 2056 4493 et
2104 4416 2288 4493 horis
2338 4417 2771 4494 auditoribus
2817 4423 3217 4500 commodis.
4066 4503 4077 4512 ,

1703 4539 2060 4618 Vocabula
2125 4539 2198 4614 in
2269 4539 2419 4614 iure
2477 4540 2699 4640 patrio
2745 4541 3033 4640 antiquo
3080 4555 3151 4617 et
3198 4543 3529 4619 hodierno
3578 4544 3831 4622 usitata
3875 4548 4141 4640 etymo-

1807 4659 2026 4760 logice
2073 4657 2483 4758 explicabit,
2532 4656 2700 4735 hora
2744 4672 2984 4759 postea
3028 4664 3541 4742 constituenda.'

1519 4793 1591 4857 Β.
1631 4791 1874 4878 mim-N
1912 4777 2294 4854 Historiam
2319 4777 2592 4853 Patriae
2613 4778 2869 4868 tradet,
2896 4779 3141 4855 diebus
3162 4783 3521 4874 Mercurii,
3544 4783 3727 4860 Iovis
3748 4777 4139 4867 etVeneris,
4488 4771 4536 4844 Ι.
