4942 6175
1445 812 1832 879 SERIES
1900 808 2555 877 LECTIONUM.
3436 805 3545 872 77·

679 1021 1092 1123 Theologiae
1126 1020 1476 1097 Practicac
1513 1028 1779 1120 partem
1809 1018 2296 1125 catecheticam
2319 1077 2338 1107 ,
2393 1018 2797 1119 pastoralem
2826 1024 2896 1092 et
2920 1016 3129 1091 eccle·

775 1143 1118 1219 siasticam
1163 1140 1488 1216 tractabit
1505 1199 1524 1229 ,
1575 1141 1822 1215 diebus
1859 1140 2108 1215 Martis
2153 1148 2224 1215 et
2263 1138 2595 1214 Mercurii
2612 1194 3126 1228 ........
3216 1132 3383 1209 hora
3432 1131 3517 1205 X.

679 1263 1220 1340 Exercitationes
1233 1259 1679 1335 catecheticas
1693 1269 1764 1331 et
1781 1258 2206 1333 homileticas
2221 1258 2715 1348 moderabitur,
2733 1258 2845 1333 die
2856 1258 3098 1332 Lunae
3112 1316 3133 1347 ,
3228 1254 3325 1327 xl
3344 1257 3416 1328 et
3438 1251 3518 1325 11.

681 1386 792 1460 De
859 1384 1070 1459 rebus
1130 1378 1461 1480 exegetici
1529 1376 1966 1476 potissimum
2028 1387 2099 1452 et
2168 1378 2449 1475 practici
2507 1379 2901 1477 argumenti
2970 1402 3133 1454 cum

784 1502 1318 1603 provectioribus
1365 1506 1567 1598 aget,
1617 1496 1784 1605 hora
1833 1495 2219 1595 vespertina
2267 1502 2512 1595 postea
2558 1496 2947 1572 indicanda.

490 1634 564 1696 Ι..
601 1634 674 1695 G.
709 1634 779 1694 Ε.
813 1628 1406 1699 BAUWENHOFF.
1443 1616 1624 1693 Prof.
1651 1615 2016 1703 extraord„
2039 1613 2422 1689 Historiam
2441 1614 2787 1689 Ecclesiae
2812 1614 3142 1689 Christia-

579 1724 722 1817 'nae
761 1738 1118 1837 antiquam
1171 1736 1555 1826 enarrabit,
1607 1736 1856 1811 diebus
1903 1734 2146 1811 Lunae
2167 1792 2188 1823 ‚
2237 1732 2488 1809 Martis
2537 1743 2609 1810 et
2658 1734 3027 1821 Mercurii,
3072 1792 3088 1808 .
3124 1790 3141 1807 .
3176 1770 3185 1777 ·
3384 1733 3527 1807 xli.

687 1858 906 1935 Locos
930 1858 1214 1933 selectos
1235 1856 1557 1931 historiae
1578 1855 1928 1929 doctrinae
1948 1852 2378 1929 Christianae
2401 1855 2721 1931 tractabit
2743 1854 2857 1929 die
2870 1852 3143 1941 Lunae,
3457 1852 3486 1925 1
3510 1909 3531 1939 ,

883 1986 953 2053 et
999 1977 1113 2052 die
1160 1977 1414 2050 Martis
1433 2034 1454 2063 ,
1523 2028 3141 2052 .......................
3428 1970 3529 2043 ΙΙ.

687 2098 798 2173 De
846 2096 1050 2171 variis
1105 2095 1532 2195 argumentis
1551 2154 1572 2184 ,
1620 2094 1712 2168 ad
1761 2094 2152 2169 historicam
2195 2093 2581 2194 theologiae
2622 2101 2887 2192 partem
2936 2090 3142 2191 perti-

785 2216 1154 2304 nentibus,
1205 2223 1367 2314 aget
1415 2214 1580 2289 hora
1631 2214 2016 2313 vespertina
2066 2222 2306 2313 postea
2353 2213 2750 2289 indicanda.

691 2335 1139 2411 Orationibus
1204 2333 1428 2409 Sacris
1497 2337 1866 2433 praeerunt
1924 2347 1975 2405 Ι.
2026 2345 2108 2406 H.
2150 2344 2604 2419 SCHOLTEN,
2664 2348 2735 2405 A.
2786 2342 3121 2403 KUENEN
3136 2380 3157 2410 5

787 2466 838 2528 1.
877 2466 930 2527 1.
966 2466 1199 2525 PmNs
1247 2461 1318 2528 et
1364 2466 1434 2527 L.
1477 2466 1550 2525 e.
1591 2466 1665 2526 n.
1706 2464 2302 2537 RAUWENHOFF,
2343 2452 2593 2527 diebus
2652 2460 2723 2525 et
2786 2451 2971 2526 horis
3022 2450 3157 2525 sibi

793 2583 864 2649 et
910 2572 1316 2648 Candidatis
1357 2572 1770 2671 Theologiae
1813 2573 2230 2662 commodis3
2283 2619 2378 2633 -
2430 2572 2706 2672 publice
2752 2570 3155 2671 disputandi

795 2692 1398 2769 exercitationibus
1415 2748 1436 2781 ,
1500 2691 1612 2765 die
1661 2690 1950 2766 Veneris
1969 2747 3151 2780 .................
3442 2690 3542 2765 II.

861 2885 1354 2961 FAOULTAS
1403 2885 2184 2963 DISCIPLINARUM
2235 2842 3187 2963 MATHEMA'I'ICARUM

1599 3006 1721 3079 ΕΤ
1768 3004 2432 3081 PHYSICARUM.

502 3183 556 3243 1.
595 3181 766 3243 VAN
805 3179 966 3240 DER
1003 3179 1338 3240 HOEVEN
1383 3169 1778 3269 Zoologiam
1819 3176 1890 3245 et
1928 3170 2321 3245 Anatomen
2361 3179 2825 3272 comparatam
2848 3171 3123 3248 docebit
3139 3228 3160 3261 ,

606 3287 856 3364 diebus
905 3288 1146 3363 Lunae
1165 3346 1184 3376 ,
1234 3287 1486 3362 Martis
1505 3345 1526 3376 ,
1574 3288 1906 3364 Mercurii
1950 3297 2022 3362 et
2069 3288 2254 3364 Iovis
2275 3347 3165 3378 .............
3428 3289 3551 3366 xl.

699 3407 1322 3507 Anthropologiam
1371 3432 1427 3483 s.
1474 3407 1858 3484 Historiam
1900 3409 2286 3483 naturalem
2337 3409 2631 3486 Generis
2681 3410 3000 3487 Humani
3046 3435 3162 3484 ex-

800 3534 1013 3626 ponet
1062 3525 1312 3601 diebus
1360 3526 1600 3602 Lunae
1649 3538 1720 3604 et
1766 3529 2097 3603 Mercurii
2120 3579 3158 3618 ...............
3450 3528 3547 3602 11.

701 3649 1086 3724 Anatomes
1123 3655 1551 3746 comparatae
1598 3647 1848 3723 selecta
1888 3647 2116 3746 capita
2158 3648 2569 3747 explicabit,
2619 3649 2869 3725 diebus
2912 3649 3161 3725 Martis

809 3775 882 3843 et
945 3765 1134 3841 Iovis
1154 3819 1176 3858 ‚
1251 3822 3161 3845 ...........................
3298 3771 3303 3776 ’
3492 3765 3554 3838 I.

512 3899 586 3959 A.
627 3898 708 3959 H.
748 3899 920 3958 VAN
960 3898 1120 3959 DER
1159 3897 1383 3957 BOON
1422 3897 1691 3957 MESOH
1731 3885 2098 3984 Ohymiam
2141 3911 2505 3986 corporum
2531 3889 3007 3988 organicorum
3047 3909 3163 3960 ex-

611 4013 861 4105 ponet,
913 4005 1162 4079 diebus
1205 4004 1445 4080 Lunae
1465 4063 1484 4093 ,
1536 4004 1821 4093 Martis,
1871 4006 2200 4080 Mercurii
2248 4014 2320 4080 et
2367 4009 2555 4081 Iovis
2572 4060 3167 4094 .........
3432 4001 3555 4080 ΙΧ.

712 4123 1078 4223 Chymiam
1101 4183 1122 4212 ,
1172 4149 1350 4223 quae
1385 4124 1794 4222 anorganica
1827 4116 2158 4214 ¹vocatur,
2210 4126 2485 4201 docebit
2504 4185 2524 4215 ,
2570 4125 2827 4201 iisdem
2868 4125 3117 4200 diebus
3140 4183 3159 4213 ,
3427 4124 3555 4199 XI.

711 4243 960 4319 Artem
1007 4242 1626 4342 pharmaceuticam
1680 4243 2123 4319 theoreticam
2177 4252 2248 4320 et
2299 4245 2905 4344 experimentalem
2960 4269 3167 4345 expo-

810 4372 970 4452 net,
1021 4361 1268 4437 diebus
1314 4362 1562 4437 Lunae
1609 4371 1680 4436 et
1730 4363 2061 4437 Mercurii
2077 4420 3167 4451 ................
3208 4399 3217 4406 ·
3395 4365 3557 4436 XII.

719 4481 1208 4557 oeconomiam
1257 4483 1551 4557 ruralem
1594 4481 1860 4569 tradet,
1911 4481 2158 4558 diebus
2200 4485 2452 4559 Martis
2490 4493 2561 4560 et
2603 4485 2787 4559 Iovis
2806 4541 3169 4573 ......
3384 4482 3555 4558 XII.

719 4601 1210 4700 Experimenta
1270 4599 1683 4676 instituendi
1741 4609 1956 4675 artem
2018 4600 2292 4676 docebit
2351 4612 2424 4678 et
2486 4603 2829 4677 Exercitia
2872 4603 3169 4702 practica

811 4719 885 4792 in
929 4719 1373 4794 Laboratorio
1417 4718 1885 4794 moderabitur
1925 4720 2254 4817 quotidie.

721 4838 906 4913 Cum
978 4837 1322 4913 Studiosis
1386 4838 1923 4935 provectioribus
1979 4838 2067 4913 de
2122 4840 2559 4940 Physiologia
2609 4839 2921 4939 chymica
2964 4843 3167 4918 collo·

820 4965 1073 5055 quetur
1090 5015 1109 5045 ,
1161 4957 1272 5032 die
1312 4956 1598 5032 Veneris
1619 5015 1638 5045 ,
1687 4957 1853 5032 hora
1901 4959 2286 5057 vespertina
2306 5017 3171 5049 .............
3188 4962 3557 5039 V—VIII.
