4942 6175
1746 660 2300 729 ORATIO.
3418 663 3544 730 119

497 874 710 949 Baete
753 880 826 949 et
874 872 1138 949 Iulium
1186 870 1574 947 Henricum
1624 871 1898 972 Hisgen
1915 928 1938 961 ‚
2004 870 2205 947 Viros
2252 869 2897 969 praestantissimos.
3000 869 3203 949 Quae
3252 870 3537 968 quidem

493 994 774 1073 decreta
851 995 952 1093 ita
1027 994 1330 1095 profecto
1409 994 1688 1069 honoris
1746 1016 2025 1068 causam
2095 991 2544 1068 continebant
2559 1050 2581 1079 ,
2654 1000 2732 1066 ut
2802 989 2985 1067 Viris
3054 990 3189 1065 illis
3258 992 3541 1067 omnino

491 1122 732 1193 auant
773 1114 1038 1205 decori,
1087 1138 1326 1191 verum
1371 1136 1510 1189 non
1553 1114 1784 1187 minus
1828 1138 1914 1187 ex
1959 1112 2047 1187 iis
2091 1112 2354 1187 decoris
2401 1111 2477 1185 in
2520 1111 2741 1211 ipsam
2791 1111 3238 1187 Academiam
3286 1112 3539 1187 redun-

499 1234 735 1326 daret,
785 1260 965 1335 quae
1011 1234 1164 1309 illos
1211 1232 1519 1309 ornando
1565 1233 1790 1330 ipsam
1841 1254 1916 1305 se
1963 1231 2312 1307 ornavisse
2362 1231 2653 1306 dicenda
2702 1238 2829 1307 est.

597 1472 850 1547 Restat
898 1479 977 1545 ut
1037 1469 1210 1545 mihi
1254 1469 1550 1544 breviter
1599 1470 1688 1543 de
1739 1468 2162 1568 supellectile
2207 1467 2625 1543 Academiae
2673 1469 3045 1543 dicendum
3102 1494 3254 1545 esse
3308 1471 3534 1547 videa·

492 1598 645 1679 tur,
709 1614 932 1689 eoque
997 1589 1272 1664 brevius
1334 1613 1474 1686 quo
1547 1589 1932 1665 accuratius
1999 1588 2088 1661 de
2152 1612 2233 1663 ea
2298 1587 2480 1662 dixit
2548 1587 2673 1661 Vir
2735 1588 3214 1676 Clarissimus,
3278 1591 3395 1665 cui
3460 1591 3534 1665 in

485 1709 872 1787 Academia
922 1708 1239 1808 regunda
1295 1709 1624 1784 successi.
1731 1707 1960 1783 Multa
2021 1706 2250 1783 adhuc
2315 1706 2795 1783 emendatione
2842 1730 3077 1808 egere,
3128 1708 3368 1783 multis
3410 1709 3532 1783 ad-

479 1830 630 1905 zhuc
693 1830 916 1906 multa
962 1829 1240 1918 deesse,
1291 1836 1366 1903 et
1421 1828 1743 1904 novimus
1790 1852 2032 1903 omnes
2065 1836 2156 1902 ¹et
2207 1828 2345 1902 iam
2393 1826 2714 1926 apparuit
2760 1829 2999 1916 modo,
3048 1853 3271 1927 quum
3296 1886 3316 1916 ,
3370 1852 3531 1903 con·

481 1948 951 2025 sentientibus
995 1948 1364 2039 omnihoe,
1411 1948 1779 2025 Curatores
1828 1949 2318 2047 Amplissimos
2365 1947 2782 2048 appellarem
2826 1948 3050 2047 iisqne
3099 1974 3251 2023 eam
3296 1972 3531 2025 curam

481 2068 1066 2145 commendarem.
1166 2070 1266 2143 At
1333 2067 1597 2166 aliquid
1666 2075 1896 2143 tamen
1963 2068 2307 2168 gradatim
2367 2067 2721 2143 emendari
2774 2068 2883 2143 hic
2933 2092 3157 2143 annus
3206 2069 3530 2144 ostendit.

477 2187 920 2265 Bibliotheca
977 2196 1048 2262 et
1103 2186 1398 2286 amplior
1447 2197 1520 2263 et
1569 2188 1946 2287 elegantior
1999 2188 2182 2263 facta
2233 2194 2364 2263 est.
2463 2188 2619 2263 Iam
2672 2188 3021 2288 superiore
3071 2213 3253 2264 anno
3303 2188 3533 2289 incep-

475 2316 641 2385 mm
710 2332 888 2406 opus
951 2332 1140 2383 nunc
1210 2308 1308 2383 ita
1372 2308 1755 2405 perfeetum
1829 2314 1974 2395 est,
2051 2316 2131 2381 ut
2195 2306 2571 2381 satisfaciat
2634 2307 2999 2397 omnibus,
3068 2318 3293 2407 utque
3362 2308 3535 2383 adeo

477 2426 801 2503 -homines
859 2426 1072 2503 faceti
1136 2426 1602 2527 reperiantur,
1650 2426 1774 2524 qui
1824 2426 2214 2501 aedificium
2234 2484 2255 2514 ‚
2307 2426 2381 2499 in
2431 2448 2572 2524 quo
2627 2427 2783 2501 libri
2828 2437 3298 2518 asserventur,
3349 2428 3535 2502 locu-

473 2546 742 2647 :pletius
767 2571 935 2621 2esse
981 2546 1215 2621 dicant
1275 2570 1487 2645 quam
1537 2546 1866 2622 librorum
1885 2604 1906 2635 ‚
1957 2546 2080 2645 qui
2128 2546 2204 2620 in
2251 2569 2334 2619 eo
2379 2555 2813 2621 asserventur
2832 2606 2852 2637 ,
2900 2548 3189 2647 copiam.
3272 2546 3535 2623 Verum

472 2664 810 2764 ignorant
849 2666 994 2754 illi,
1041 2666 1254 2741 etiam
1299 2666 1373 2739 in
1423 2665 1704 2740 homine
1752 2690 2001 2763 corpus
2047 2664 2338 2739 celerius
2392 2690 2691 2741 crescere
2738 2675 2809 2740 et
2852 2666 2943 2741 ad
2984 2668 3333 2765 quandam
3380 2690 3532 2767 per-

485 2786 716 2861 venire
761 2785 1245 2885 perfectionem
1298 2808 1512 2883 quam
1559 2783 1875 2859 animum
1929 2785 2002 2857 in
2051 2807 2332 2883 corpore
2381 2784 2831 2859 habitantem.
2934 2787 3027 2860 Et
3074 2810 3197 2861 nos
3243 2788 3531 2885 quidem

471 2905 902 2981 confidimus
955 2904 1461 2993 -GuratoribuS,
1545 2904 1670 3003 qni
1735 2928 1956 3003 quum
2023 2926 2272 3002 corpus
2329 2903 2802 2980 Bibliothecae
2869 2906 3009 2979 iam
3080 2905 3525 3006 perfecerint,

483 3026 644 3125 quis
691 3026 1004 3102 animum
1051 3027 1140 3102 ab
1189 3026 1274 3101 iis
1324 3025 1718 3125 neglectum
1768 3024 1854 3098 ini
1902 3024 2190 3099 credat?

581 3146 668 3218 In
729 3146 1036 3238 Museis,
1099 3145 1562 3222 Laboratoniis
1617 3143 1954 3219 Chemioo
2011 3153 2084 3218 et
2127 3144 2575 3235 Amtomico,
2628 3145 3049 3220 Collectibus
3094 3147 3525 3222 Instrumen-

471 3272 708 3340 wrum
734 3324 756 3354 ,
815 3266 1050 3342 Hosto
1105 3274 1186 3341 et
1249 3264 1736 3340 Observatorio
1783 3289 2058 3364 semper
2112 3266 2378 3364 aliquid
2431 3267 2841 3342 emendatur
2859 3325 2879 3356 ,
2933 3275 3227 3365 semper'
3252 3267 3522 3366 aliquid

479 3383 568 3458 iis
621 3383 914 3461 additur
935 3445 955 3475 ,
1021 3386 1464 3486 cerniturque
1529 3385 1601 3460 in
1671 3409 1754 3461 eo
1821 3387 2082 3462 Batava
2152 3386 2270 3462 illa
2317 3387 2538 3462 virtus
2585 3393 2657 3462 et
2702 3386 3105 3484 prudentia:
3170 3386 3519 3462 festinatio

485 3504 693 3580 lenta.

579 3624 1101 3699 laboratorium
1149 3625 1712 3724 Physiologicum
1757 3625 2192 3715 aedificatur,
2237 3628 2647 3712 Auditores,
2694 3633 2765 3698 et
2810 3625 3209 3699 aedificatur
3256 3625 3515 3699 sedulo.

484 3743 671 3817 Ante
715 3767 978 3818 annum
1027 3769 1114 3819 ex
1159 3745 1286 3819 hoc
1329 3745 1478 3820 loco
1517 3746 1948 3844 praedictum
1990 3756 2130 3834 est,
2179 3769 2505 3820 nummos
2548 3753 2619 3820 et
2650 3745 3172 3820 commodorum
3216 3743 3521 3818 locorum

471 3863 706 3962 spatia
767 3888 912 3938 non
983 3864 1306 3938 defutura
1375 3889 1524 3939 esse
1595 3866 1668 3939 in
1737 3875 2170 3963 perpetuum.
2273 3865 2566 3962 Expleta
2608 3863 2753 3940 iam
2801 3873 2907 3938 est
2955 3864 3071 3938 illa
3122 3864 3516 3963 praedictio.

481 3983 793 4060 Habebit
857 3984 1289 4059 Dondersius
1356 3994 1589 4059 noster
1656 3985 2027 4082 aliquando
2093 3983 2617 4058 Iaburatouium
2640 4043 2659 4072 ‚
2730 4009 2867 4058 non
2945 3991 3219 4059 tantum
3295 3984 3517 4083 ipsius

481 4103 758 4178 nomine
808 4104 1104 4203 dignum
1153 4147 1248 4161 --
1295 4103 1376 4177 -id
1421 4103 1609 4202 qnod
1659 4127 1907 4203 parum
1955 4103 2071 4177 ille
2125 4089 2326 4178 curat
2367 4145 2466 4185 -‚-
2512 4127 2753 4178 ·verum
2804 4104 2879 4178 in
2924 4105 3112 4202 quod
3162 4105 3515 4180 venientes

477 4222 570 4297 ad
641 4224 872 4323 ipsum
929 4222 1370 4298 :audiendum
1420 4249 1506 4298 ex
1546 4223 1920 4322 ¹quibusvis
1963 4222 2159 4297 terris
2199 4222 2551 4321 ,peregrini
2598 4223 2965 4300 honorifice
3010 4225 3098 4299 de
3137 4225 3515 4300 Academia

469 4353 712 4419 :nostra
757 4344 1062 4419 iudicare
1111 4343 1399 4419 discant.

577 4464 686 4539 De
753 4465 824 4538 N
825 4464 1167 4540 osocomio
1229 4461 1656 4538 incredibilia
1715 4462 1806 4537 ad
1857 4460 1999 4536 Vos
2039 4461 2191 4536 fero
2245 4469 2320 4536 at
2361 4461 2709 4536 credenda
2756 4469 3009 4537 tamen.
3108 4463 3270 4536 Non
3318 4486 3509 4560 prae-

479 4582 657 4658 dixit
726 4607 910 4660 anno
967 4583 1282 4682 proximo
1347 4584 1604 4658 Rector
1667 4582 1816 4657 fore
1877 4582 2376 4657 Nosocomium
2399 4641 2418 4670 ‚
2485 4581 2609 4656 sed
2678 4581 2789 4679 pie
2850 4581 3135 4680 optavit.
3237 4584 3335 4656 At
3382 4607 3513 4682 ego

467 4704 799 4802 pmedioo
869 4727 995 4778 nos
1045 4702 1322 4778 tandem
1367 4703 1442 4776 id
1489 4701 1850 4776 habituros
1893 4725 2080 4791 esse,
2129 4726 2270 4778 non
2313 4727 2400 4777 ex
2445 4702 2736 4800 augurio
2786 4703 2911 4776 sed
2956 4727 3043 4777 ex
3088 4726 3160 4777 re
3211 4710 3397 4780 certa
3436 4714 3515 4778 et

460 4824 659 4900 facto
719 4824 940 4900 initio.
1041 4823 1342 4897 Senatus
1399 4821 1612 4898 Urbis
1671 4829 1944 4898 nostrae
2003 4845 2152 4898 rem
2194 4823 2406 4898 nimis
2443 4822 2572 4897 diu
2621 4822 3006 4922 neglectam
3048 4823 3263 4899 fuisse
3310 4824 3511 4899 intel-

3674 2680 3731 2715 f
