4942 6175
1776 611 2335 681 ORATIO.
3441 613 3568 681 105

522 839 729 914 quam
792 839 835 892 e
892 815 1184 892 vinculis
1230 818 1793 896 sermocinentur.
1893 819 2156 894 Verum
2208 820 2431 896 multo
2483 819 2706 895 maius
2749 820 3016 898 malum
3055 845 3144 896 ex
3187 819 3378 896 omni
3421 844 3566 895 ver-

522 935 772 1011 borum
841 935 1265 1036 negligentia
1328 937 1567 1016 oritur.
1670 939 2029 1038 Reputent
2088 939 2217 1014 hoe
2284 939 2387 1014 illi
2440 963 2674 1016 secum
2695 998 2716 1029 ‚
2768 941 2892 1038 qui
2937 939 3231 1016 Codices
3279 939 3568 1041 scriptos

524 1079 675 1132 esse
754 1055 1036 1146 volunt,
1102 1056 1229 1155 qui
1304 1056 1916 1156 iurisprudentiam
1990 1058 2371 1134 Codicibus
2436 1060 2710 1159 scriptis
2785 1061 3066 1160 provehi
3135 1061 3432 1160 cupiunt
3502 1067 3576 1136 et

526 1175 921 1264 emendari3
984 1182 1309 1276 reputent
1374 1185 1447 1250 et
1500 1175 1811 1276 singulas
1873 1176 2059 1276 leges
2118 1183 2189 1250 et
2250 1183 2431 1250 totos
2489 1177 2779 1253 Codices
2823 1185 3136 1252 constare
3189 1177 3416 1253 verbis
3433 1237 3454 1266 ,
3503 1189 3575 1254 et

530 1295 967 1395 intelligant,
1030 1295 1361 1394 neglectis
1418 1295 1679 1383 verbis,
1748 1295 2011 1394 negligi
2058 1295 2245 1394 leges
2294 1302 2367 1368 et
2416 1295 2708 1370 Codices
2757 1303 2832 1370 et
2869 1297 3058 1371 illam
3101 1296 3576 1396 iurispruden-

530 1415 699 1491 tiam
756 1414 939 1503 tolli,
988 1436 1199 1512 quam
1250 1414 1629 1491 Codicibus
1672 1413 1745 1490 el:
1792 1415 2067 1514 legibus
2114 1413 2389 1490 fundari
2435 1422 2748 1514 oportere
2794 1417 3232 1492 existimant!

626 1651 905 1732 Quodsi
978 1676 1137 1729 vero
1156 1711 1177 1743 ‚
1241 1653 1620 1730 Auditores
1644 1713 1665 1744 ‚
1734 1653 2080 1730 Codicum
2146 1661 2540 1730 nostrorum
2612 1654 2774 1729 vitia
2825 1654 3388 1756 interpretatione
3437 1655 3587 1730 tolli

532 1795 669 1847 non
732 1782 1065 1871 possunt,
1132 1798 1221 1850 an
1280 1774 1534 1850 ideireo
1590 1799 1671 1850 ea
1736 1773 1901 1848 vitia
1960 1775 2345 1849 manebunt
2365 1833 2384 1863 ,
2448 1773 2845 1863 nocebunt,
2914 1781 2986 1850 et
3035 1773 3330 1874 quodvis
3377 1775 3586 1850 detri-

536 1899 851 1968 mentum
898 1891 1097 1970 faeile
1144 1894 1599 1970 tolerabitur?
1664 1895 1859 1970 Num
1904 1895 2003 1969 ita
2044 1893 2270 1971 femur
2289 1951 2309 1981 ,

2224 2037 2420 2103 fertur
2464 2041 2540 2100 ut
2582 2041 2720 2102 aeta

1200 2137 1533 2228 Praecipiti
1576 2141 1763 2228 pinus
1806 2139 2033 2222 Borea,
2080 2139 2185 2206 cui
2227 2140 2391 2206 vieta
2435 2138 2676 2206 remisit

1200 2240 1398 2310 Frena
1442 2263 1593 2310 suus
1636 2251 1835 2310 rector
1850 2293 1869 2324 ,
1918 2263 2105 2330 quam
2145 2242 2261 2308 Dis
2302 2243 2586 2330 votisque
2629 2239 2921 2328 reliquit?

638 2375 843 2450 Certe
912 2375 1053 2448 iam
1072 2429 1093 2461 ,
1166 2374 1225 2447 si
1294 2373 1463 2450 haee
1531 2374 1789 2450 valebit
1863 2375 2203 2450 sententia
2222 2433 2243 2464 ‚
2310 2399 2465 2450 eam
2538 2373 3014 2474 quaestionem
3037 2432 3057 2463 ,
3125 2396 3338 2472 quam
3401 2373 3600 2448 initio

544 2492 871 2569 orationis
932 2491 1461 2568 commemoravi
1481 2549 1504 2581 ,
1566 2493 1663 2566 ita
1722 2493 2261 2570 diiudicabimus
2281 2553 2302 2582 ,
2364 2500 2445 2568 ut
2503 2492 2966 2568 assentiamur
3033 2491 3120 2567 iis
3186 2493 3311 2592 qui
3373 2494 3601 2569 nullos

542 2612 781 2711 legum
850 2610 1147 2688 Codices
1202 2611 1600 2688 condendos
1654 2634 1805 2686 esse
1860 2611 2314 2686 contendunt.
2430 2610 2780 2686 Perfectus
2831 2609 3019 2686 enim
3069 2610 3256 2710 leges
3303 2636 3394 2686 ne
3447 2621 3604 2688 tum

548 2732 831 2832 quidem
882 2730 1091 2806 scribi
1133 2755 1339 2831 posse
1358 2789 1379 2820 ‚
1442 2754 1661 2830 quum
1706 2729 2251 2831 iurisprudentia
2293 2731 2570 2830 egregie
2621 2730 2714 2806 sit
2757 2731 3248 2828 cumulateque
3290 2731 3565 2806 exculta
3581 2788 3604 2820 ,

554 2852 713 2952 quis
760 2851 1165 2928 dubitabit?
1240 2851 1610 2952 Savignius
1658 2851 1941 2952 quidem
1996 2851 2381 2951 optandum
2433 2875 2586 2926 esse
2635 2873 2776 2926 non
2825 2850 3097 2950 putavit
3115 2907 3137 2939 ‚
3189 2858 3270 2925 ut
3315 2850 3607 2926 Codices

548 2972 1083 3059 conficerentur,
1150 2971 1368 3046 bonos
1432 2979 1667 3047 tamen
1736 2971 1979 3048 confici
2051 2995 2253 3071 posse
2306 2993 2447 3046 non
2501 2969 2801 3070 negavit.
2903 2969 3240 3070 Tempore
3293 2995 3378 3046 eo
3395 3030 3415 3061 ,
3467 2996 3608 3070 quo

548 3092 661 3167 ius
728 3092 1123 3167 Romanum
1188 3090 1499 3167 floruerit
1548 3092 1849 3169 maxime
1867 3151 1888 3182 ‚
1956 3091 2049 3167 ad
2097 3092 2333 3192 legum
2388 3091 2902 3167 institutionem
2956 3099 3112 3167 tuto
3159 3090 3438 3191 procedi
3485 3116 3606 3191 po-

550 3210 767 3287 tuisse
822 3210 1192 3302 iudicavit;
1261 3211 1727 3312 Papinianum
1778 3212 2152 3289 arbitratus
2206 3220 2357 3301 est,
2424 3211 2722 3287 Paulum
2745 3270 2766 3301 ,
2829 3211 3210 3312 Ulpianum
3253 3212 3568 3312 egregios
3585 3269 3607 3302 ,

550 3331 611 3407 si
678 3330 1055 3407 voluissent
1072 3388 1095 3421 ‚
1164 3330 1437 3407 futuros
1502 3332 1717 3409 fuisse
1796 3333 2303 3434 legumlatores.
2409 3331 2668 3407 Utrum
2729 3332 2944 3432 igitur
3001 3332 3276 3433 legibus
3326 3356 3562 3407 eorum
3583 3390 3604 3419 ,

552 3452 611 3527 si
676 3452 749 3526 in
828 3475 1037 3527 usum
1110 3451 1443 3527 abiissent
1466 3510 1485 3541 ‚
1556 3454 1732 3529 nihil
1804 3478 2141 3553 umquam
2206 3452 2445 3529 deesse
2503 3453 2986 3552 apparuisset?
3051 3476 3144 3527 an
3187 3452 3609 3551 experientia

555 3570 936 3658 docuisset,
1008 3569 1109 3644 ibi
1170 3594 1451 3671 quoque
1514 3571 1783 3671 aliquid
1850 3574 2206 3647 interdum
2258 3571 2542 3671 reperiri
2600 3573 2706 3647 vel
2758 3572 3080 3647 vitiosum
3134 3571 3244 3646 vel
3291 3571 3610 3670 ineptum

559 3688 665 3763 vel
727 3687 1113 3788 impediens
1174 3692 1407 3789 potius
1474 3716 1687 3791 quam
1758 3692 2093 3769 adiuvans
2160 3692 2584 3789 aequitatem
2602 3693 2637 3764 Ρ
2711 3691 2917 3767 Certe
2937 3749 2957 3780 ,
3029 3690 3090 3765 si
3155 3689 3330 3790 quid
3395 3715 3603 3789 appa-

556 3806 811 3883 ruisset
854 3806 1197 3886 eiusmodi
1210 3866 1233 3898 ,
1284 3810 1361 3883 id
1411 3811 1602 3909 quod
1640 3812 1787 3887 fieri
1827 3835 2105 3887 necesse
2148 3810 2285 3885 fuit
2299 3867 2320 3898 ‚
2371 3832 2510 3885 non
2555 3810 2788 3883 contin
2796 3834 2884 3885 uo
2930 3810 3224 3908 quodvis
3269 3810 3608 3885 damnum

554 3926 1117 4027 interpretatione
1183 3929 1293 4004 vel
1352 3928 1701 4005 liberrima
1766 3928 1916 4004 tolli
1973 3925 2333 4027 potuisset.
2432 3925 2696 4003 Verum
2749 3926 2825 4001 id
2879 3928 3216 4003 Romanis
3263 3951 3402 4003 non
3453 3937 3604 4005 tan-

559 4055 711 4123 tum
760 4046 1109 4123 attulisset
1146 4048 1347 4139 mali,
1399 4056 1743 4147 quantum
1790 4057 2179 4123 nostrarum
2234 4046 2474 4147 legum
2525 4048 2688 4122 vitia
2733 4046 3032 4123 afferunt
3083 4048 3303 4123 nobis.
3401 4050 3608 4125 Stant

564 4190 727 4243 suae
790 4166 1065 4267 populis
1122 4168 1401 4246 laudes:
1464 4168 1665 4245 cedat
1719 4167 1987 4245 artibus
2040 4166 2369 4243 Graeciae
2418 4166 2702 4243 Latium
2724 4225 2746 4257 ‚
2791 4168 2916 4243 sed
2962 4168 3333 4245 utilitatem
3373 4188 3628 4280 rerum!

564 4286 757 4362 nulla
820 4311 993 4387 gens
1066 4289 1463 4365 mortalium
1534 4288 1873 4365 intellexit
1942 4287 2187 4388 magis.
2286 4288 2447 4363 Non
2515 4288 2920 4363 devicerunt
2977 4286 3214 4363 orbem
3268 4297 3604 4363 terrarum

568 4406 871 4480 Romani
932 4407 1161 4485 neseio
1224 4434 1365 4507 qua
1431 4407 1787 4485 umbratili
1846 4433 1927 4483 ac
1976 4406 2267 4483 delicata
2318 4407 2690 4506 sapientia;
2741 4406 2866 4481 sed
2917 4405 3089 4505 quid
3136 4405 3380 4506 quovis
3429 4417 3602 4483 tem·

568 4548 733 4623 pore
785 4526 1135 4623 agendum
1183 4538 1365 4605 esset
1412 4528 1937 4615 intellexerunt,
1988 4533 2061 4601 et
2097 4524 2594 4625 rempublicam
2635 4526 3142 4625 imperiumque
3173 4524 3606 4617 habuerunt,

570 4666 711 4721 non
782 4642 1003 4729 unius,
1056 4645 1357 4723 hominis
1411 4648 1519 4721 vel
1588 4648 1833 4723 aetatis
1890 4670 2068 4747 opus
2124 4646 2248 4721 sed
2304 4646 2753 4723 saeculorum.
2853 4644 3122 4720 Eadem
3173 4644 3490 4723 utilitatis
3539 4657 3612 4721 et

576 4760 865 4841 aetionis
912 4762 1371 4865 intelligentia
1416 4765 1705 4843 rexisset
1748 4766 2083 4843 Codicum
2146 4788 2373 4843 usum.
2475 4764 2968 4841 Intellexerunt
3017 4764 3119 4843 illi
3135 4824 3157 4857 ,
3213 4766 3385 4865 quid
3435 4774 3618 4841 esset

3135 4888 3230 4959 14
