<?xml version="1.0" encoding="UTF-8"?>
<!DOCTYPE html PUBLIC "-//W3C//DTD XHTML 1.0 Transitional//EN"
    "http://www.w3.org/TR/xhtml1/DTD/xhtml1-transitional.dtd">
<html xmlns="http://www.w3.org/1999/xhtml" xml:lang="en" lang="en">
 <head>
  <title>
</title>
<meta http-equiv="Content-Type" content="text/html;charset=utf-8" />
  <meta name='ocr-system' content='tesseract 3.04.00' />
  <meta name='ocr-capabilities' content='ocr_page ocr_carea ocr_par ocr_line ocrx_word'/>
</head>
<body>
  <div class='ocr_page' id='page_1' title='image "annalesacademic19unkngoog_0052.png"; bbox 0 0 4942 6175; ppageno 0'>
   <div class='ocr_carea' id='block_1_1' title="bbox 1435 597 3629 669">
    <p class='ocr_par' dir='ltr' id='par_1_1' title="bbox 1435 597 3629 669">
     <span class='ocr_line' id='line_1_1' title="bbox 1435 597 3629 669; baseline 0 -4"><span class='ocrx_word' id='word_1_1' title='bbox 1435 598 1604 665; x_wconf 75' lang='lat'><strong>320·</strong></span> <span class='ocrx_word' id='word_1_2' title='bbox 2277 602 2356 668; x_wconf 79' lang='lat' dir='ltr'><strong>R.</strong></span> <span class='ocrx_word' id='word_1_3' title='bbox 2431 598 2637 669; x_wconf 73' lang='lat' dir='ltr'><strong>VAN</strong></span> <span class='ocrx_word' id='word_1_4' title='bbox 2706 597 3209 668; x_wconf 80' lang='lat' dir='ltr'><strong>BONEVAL</strong></span> <span class='ocrx_word' id='word_1_5' title='bbox 3276 598 3629 665; x_wconf 82' lang='lat' dir='ltr'><strong>FAURE</strong></span> 
     </span>
    </p>
   </div>
   <div class='ocr_carea' id='block_1_2' title="bbox 1419 806 4487 4779">
    <p class='ocr_par' dir='ltr' id='par_1_2' title="bbox 1442 806 4485 999">
     <span class='ocr_line' id='line_1_2' title="bbox 1442 806 4485 896; baseline 0.001 -21"><span class='ocrx_word' id='word_1_6' title='bbox 1442 808 1658 875; x_wconf 84' lang='lat' dir='ltr'><strong>Oratio</strong></span> <span class='ocrx_word' id='word_1_7' title='bbox 1715 808 1793 875; x_wconf 91' lang='lat' dir='ltr'><strong>de</strong></span> <span class='ocrx_word' id='word_1_8' title='bbox 1847 807 1973 873; x_wconf 81' lang='lat' dir='ltr'><strong>vita</strong></span> <span class='ocrx_word' id='word_1_9' title='bbox 2015 806 2186 873; x_wconf 84' lang='lat' dir='ltr'><strong>Elias</strong></span> <span class='ocrx_word' id='word_1_10' title='bbox 2232 807 2434 873; x_wconf 88' lang='lat' dir='ltr'><strong>Annei</strong></span> <span class='ocrx_word' id='word_1_11' title='bbox 2493 808 2541 875; x_wconf 78' lang='lat' dir='ltr'><strong>f.</strong></span> <span class='ocrx_word' id='word_1_12' title='bbox 2586 806 2839 895; x_wconf 88' lang='lat' dir='ltr'><strong>Borgeri</strong></span> <span class='ocrx_word' id='word_1_13' title='bbox 2850 857 2872 889; x_wconf 91' lang='lat'><strong>,</strong></span> <span class='ocrx_word' id='word_1_14' title='bbox 2928 806 3139 873; x_wconf 85' lang='lat' dir='ltr'><strong>habita</strong></span> <span class='ocrx_word' id='word_1_15' title='bbox 3196 806 3264 872; x_wconf 86' lang='lat' dir='ltr'><strong>in</strong></span> <span class='ocrx_word' id='word_1_16' title='bbox 3322 807 3503 872; x_wconf 86' lang='lat' dir='ltr'><strong>tertia</strong></span> <span class='ocrx_word' id='word_1_17' title='bbox 3558 806 3767 873; x_wconf 86' lang='lat' dir='ltr'><strong>Classe</strong></span> <span class='ocrx_word' id='word_1_18' title='bbox 3820 808 4103 875; x_wconf 87' lang='lat' dir='ltr'><strong>Instituti</strong></span> <span class='ocrx_word' id='word_1_19' title='bbox 4152 808 4485 896; x_wconf 85' lang='lat' dir='ltr'><strong>Belgarum</strong></span> 
     </span>
     <span class='ocr_line' id='line_1_3' title="bbox 1523 910 2850 999; baseline 0 -20"><span class='ocrx_word' id='word_1_20' title='bbox 1523 912 1704 999; x_wconf 83' lang='lat' dir='ltr'><strong>Regii</strong></span> <span class='ocrx_word' id='word_1_21' title='bbox 1749 934 1805 979; x_wconf 90' lang='lat' dir='ltr'><strong>a.</strong></span> <span class='ocrx_word' id='word_1_22' title='bbox 1838 911 1899 978; x_wconf 83' lang='lat' dir='ltr'><strong>d.</strong></span> <span class='ocrx_word' id='word_1_23' title='bbox 1945 931 2102 977; x_wconf 71' lang='lat' dir='ltr'><strong>xxu</strong></span> <span class='ocrx_word' id='word_1_24' title='bbox 2147 910 2460 977; x_wconf 73' lang='lat' dir='ltr'><strong>Martii‘a.</strong></span> <span class='ocrx_word' id='word_1_25' title='bbox 2515 911 2707 979; x_wconf 88' lang='grc'><strong>1821.</strong></span> <span class='ocrx_word' id='word_1_26' title='bbox 2752 916 2850 979; x_wconf 79' lang='grc'><strong>4“.</strong></span> 
     </span>
    </p>

    <p class='ocr_par' dir='ltr' id='par_1_3' title="bbox 1610 1010 3091 1083">
     <span class='ocr_line' id='line_1_4' title="bbox 1610 1010 3091 1083; baseline 0.001 -2"><span class='ocrx_word' id='word_1_27' title='bbox 1610 1014 1690 1081; x_wconf 90' lang='lat' dir='ltr'><strong>In</strong></span> <span class='ocrx_word' id='word_1_28' title='bbox 1731 1013 2324 1081; x_wconf 80' lang='lat' dir='ltr'><strong>Commentationum</strong></span> <span class='ocrx_word' id='word_1_29' title='bbox 2365 1010 2725 1081; x_wconf 85' lang='lat' dir='ltr'><strong>Latinarum</strong></span> <span class='ocrx_word' id='word_1_30' title='bbox 2771 1014 2913 1080; x_wconf 85' lang='lat' dir='ltr'><strong>Vol.</strong></span> <span class='ocrx_word' id='word_1_31' title='bbox 2960 1014 3091 1083; x_wconf 86' lang='lat'><strong>111.</strong></span> 
     </span>
    </p>

    <p class='ocr_par' dir='ltr' id='par_1_4' title="bbox 1437 1115 4487 1594">
     <span class='ocr_line' id='line_1_5' title="bbox 1437 1115 4487 1206; baseline 0 -24"><span class='ocrx_word' id='word_1_32' title='bbox 1437 1116 1758 1206; x_wconf 80' lang='lat' dir='ltr'><strong>Expositio</strong></span> <span class='ocrx_word' id='word_1_33' title='bbox 1815 1115 2203 1199; x_wconf 80' lang='lat' dir='ltr'><strong>Quaestionis</strong></span> <span class='ocrx_word' id='word_1_34' title='bbox 2261 1115 2338 1180; x_wconf 89' lang='lat' dir='ltr'><strong>ab</strong></span> <span class='ocrx_word' id='word_1_35' title='bbox 2399 1116 2731 1183; x_wconf 75' lang='lat' dir='ltr'><strong>Academia</strong></span> <span class='ocrx_word' id='word_1_36' title='bbox 2788 1116 3171 1183; x_wconf 87' lang='lat' dir='ltr'><strong>Bruxellensi</strong></span> <span class='ocrx_word' id='word_1_37' title='bbox 3230 1115 3574 1205; x_wconf 72' lang='lat' dir='ltr'><strong>propositae</strong></span> <span class='ocrx_word' id='word_1_38' title='bbox 3619 1118 3698 1201; x_wconf 86' lang='lat' dir='ltr'><strong>(a.</strong></span> <span class='ocrx_word' id='word_1_39' title='bbox 3750 1116 3982 1201; x_wconf 84' lang='lat'>1818):</span> <span class='ocrx_word' id='word_1_40' title='bbox 4075 1115 4169 1182; x_wconf 88' lang='lat' dir='ltr'><strong>De</strong></span> <span class='ocrx_word' id='word_1_41' title='bbox 4222 1118 4351 1184; x_wconf 82' lang='lat' dir='ltr'><strong>vita</strong></span> <span class='ocrx_word' id='word_1_42' title='bbox 4408 1139 4487 1183; x_wconf 79' lang='lat' dir='ltr'><strong>ac</strong></span> 
     </span>
     <span class='ocr_line' id='line_1_6' title="bbox 1520 1216 4482 1307; baseline -0 -20"><span class='ocrx_word' id='word_1_43' title='bbox 1520 1219 1796 1287; x_wconf 88' lang='lat' dir='ltr'><strong>doctrina</strong></span> <span class='ocrx_word' id='word_1_44' title='bbox 1845 1218 2118 1284; x_wconf 88' lang='lat' dir='ltr'><strong>omnium</strong></span> <span class='ocrx_word' id='word_1_45' title='bbox 2177 1216 2503 1304; x_wconf 78' lang='lat' dir='ltr'><strong>Belgarum</strong></span> <span class='ocrx_word' id='word_1_46' title='bbox 2556 1220 2665 1306; x_wconf 88' lang='lat' dir='ltr'><strong>qui</strong></span> <span class='ocrx_word' id='word_1_47' title='bbox 2724 1219 2949 1285; x_wconf 90' lang='lat' dir='ltr'><strong>Latina</strong></span> <span class='ocrx_word' id='word_1_48' title='bbox 3008 1220 3276 1285; x_wconf 89' lang='lat' dir='ltr'><strong>carmina</strong></span> <span class='ocrx_word' id='word_1_49' title='bbox 3337 1227 3844 1307; x_wconf 88' lang='lat' dir='ltr'><strong>composuerunt,</strong></span> <span class='ocrx_word' id='word_1_50' title='bbox 3904 1226 4147 1285; x_wconf 85' lang='lat' dir='ltr'><strong>servato</strong></span> <span class='ocrx_word' id='word_1_51' title='bbox 4190 1221 4482 1307; x_wconf 85' lang='lat' dir='ltr'><strong>temporis</strong></span> 
     </span>
     <span class='ocr_line' id='line_1_7' title="bbox 1521 1321 4477 1411; baseline 0 -22"><span class='ocrx_word' id='word_1_52' title='bbox 1521 1323 1766 1404; x_wconf 84' lang='lat' dir='ltr'><strong>ordine,</strong></span> <span class='ocrx_word' id='word_1_53' title='bbox 1812 1322 2144 1407; x_wconf 86' lang='lat' dir='ltr'><strong>additoque</strong></span> <span class='ocrx_word' id='word_1_54' title='bbox 2183 1321 2259 1387; x_wconf 87' lang='lat' dir='ltr'><strong>de</strong></span> <span class='ocrx_word' id='word_1_55' title='bbox 2295 1322 2589 1389; x_wconf 79' lang='lat' dir='ltr'><strong>facultate</strong></span> <span class='ocrx_word' id='word_1_56' title='bbox 2624 1322 3003 1409; x_wconf 86' lang='lat' dir='ltr'><strong>singulorum</strong></span> <span class='ocrx_word' id='word_1_57' title='bbox 3040 1324 3279 1411; x_wconf 87' lang='lat' dir='ltr'><strong>poetica</strong></span> <span class='ocrx_word' id='word_1_58' title='bbox 3308 1322 3577 1410; x_wconf 84' lang='lat' dir='ltr'><strong>judicio;</strong></span> <span class='ocrx_word' id='word_1_59' title='bbox 3622 1328 3865 1387; x_wconf 79' lang='lat' dir='ltr'><strong>auctore</strong></span> <span class='ocrx_word' id='word_1_60' title='bbox 3906 1322 4094 1387; x_wconf 77' lang='lat' dir='ltr'><strong>Petro</strong></span> <span class='ocrx_word' id='word_1_61' title='bbox 4132 1322 4477 1409; x_wconf 66' lang='lat' dir='ltr'><strong>Hofiaaaea</strong></span> 
     </span>
     <span class='ocr_line' id='line_1_8' title="bbox 1517 1424 4475 1535; baseline 0 -42"><span class='ocrx_word' id='word_1_62' title='bbox 1517 1428 1904 1509; x_wconf 79' lang='lat' dir='ltr'><strong>Peerlkamp,</strong></span> <span class='ocrx_word' id='word_1_63' title='bbox 1955 1448 2135 1511; x_wconf 92' lang='lat' dir='ltr'><strong>quem</strong></span> <span class='ocrx_word' id='word_1_64' title='bbox 2180 1448 2431 1492; x_wconf 90' lang='lat' dir='ltr'><strong>nummo</strong></span> <span class='ocrx_word' id='word_1_65' title='bbox 2476 1447 2659 1491; x_wconf 90' lang='lat' dir='ltr'><strong>aureo</strong></span> <span class='ocrx_word' id='word_1_66' title='bbox 2696 1432 3013 1535; x_wconf 79' lang='lat' dir='ltr'><strong>propterea</strong></span> <span class='ocrx_word' id='word_1_67' title='bbox 3052 1426 3393 1492; x_wconf 87' lang='lat' dir='ltr'><strong>ornandum</strong></span> <span class='ocrx_word' id='word_1_68' title='bbox 3428 1448 3559 1491; x_wconf 84' lang='lat' dir='ltr'><strong>esse</strong></span> <span class='ocrx_word' id='word_1_69' title='bbox 3597 1424 3927 1491; x_wconf 81' lang='lat' dir='ltr'><strong>Academia</strong></span> <span class='ocrx_word' id='word_1_70' title='bbox 3964 1426 4217 1491; x_wconf 83' lang='lat' dir='ltr'><strong>censuit.</strong></span> <span class='ocrx_word' id='word_1_71' title='bbox 4281 1426 4475 1493; x_wconf 74' lang='lat' dir='ltr'><strong>Brux-</strong></span> 
     </span>
     <span class='ocr_line' id='line_1_9' title="bbox 1516 1528 2417 1609; baseline 0 -15"><span class='ocrx_word' id='word_1_72' title='bbox 1516 1529 1591 1595; x_wconf 90' lang='lat' dir='ltr'><strong>P.</strong></span> <span class='ocrx_word' id='word_1_73' title='bbox 1635 1530 1698 1595; x_wconf 83' lang='lat' dir='ltr'><strong>J.</strong></span> <span class='ocrx_word' id='word_1_74' title='bbox 1745 1529 1821 1594; x_wconf 93' lang='lat' dir='ltr'><strong>de</strong></span> <span class='ocrx_word' id='word_1_75' title='bbox 1865 1528 2032 1609; x_wconf 85' lang='lat' dir='ltr'><strong>Mat,</strong></span> <span class='ocrx_word' id='word_1_76' title='bbox 2090 1531 2276 1595; x_wconf 89' lang='grc'><strong>1822.</strong></span> <span class='ocrx_word' id='word_1_77' title='bbox 2325 1534 2417 1596; x_wconf 78' lang='lat'><strong>4⁰.</strong></span> 
     </span>
    </p>

    <p class='ocr_par' dir='ltr' id='par_1_5' title="bbox 1606 1629 3209 1712">
     <span class='ocr_line' id='line_1_10' title="bbox 1606 1629 3209 1712; baseline 0 -14"><span class='ocrx_word' id='word_1_78' title='bbox 1606 1631 1684 1698; x_wconf 90' lang='lat' dir='ltr'><strong>In</strong></span> <span class='ocrx_word' id='word_1_79' title='bbox 1729 1629 2056 1699; x_wconf 66' lang='lat' dir='ltr'><strong>Memoires</strong></span> <span class='ocrx_word' id='word_1_80' title='bbox 2099 1652 2204 1695; x_wconf 86' lang='lat' dir='ltr'><strong>sur</strong></span> <span class='ocrx_word' id='word_1_81' title='bbox 2246 1630 2336 1696; x_wconf 86' lang='lat' dir='ltr'><strong>les</strong></span> <span class='ocrx_word' id='word_1_82' title='bbox 2381 1630 2717 1712; x_wconf 79' lang='lat' dir='ltr'><strong>Questions</strong></span> <span class='ocrx_word' id='word_1_83' title='bbox 2762 1637 2880 1696; x_wconf 89' lang='lat' dir='ltr'><strong>etc.</strong></span> <span class='ocrx_word' id='word_1_84' title='bbox 2929 1630 3070 1696; x_wconf 85' lang='lat' dir='ltr'><strong>Vol.</strong></span> <span class='ocrx_word' id='word_1_85' title='bbox 3118 1629 3209 1699; x_wconf 89' lang='grc' dir='ltr'><strong>ΙΙ.</strong></span> 
     </span>
    </p>

    <p class='ocr_par' dir='ltr' id='par_1_6' title="bbox 1431 1732 4474 2028">
     <span class='ocr_line' id='line_1_11' title="bbox 1431 1732 4474 1823; baseline -0 -22"><span class='ocrx_word' id='word_1_86' title='bbox 1431 1735 1649 1802; x_wconf 84' lang='lat' dir='ltr'><strong>Oratio</strong></span> <span class='ocrx_word' id='word_1_87' title='bbox 1694 1735 1769 1801; x_wconf 88' lang='lat' dir='ltr'><strong>de</strong></span> <span class='ocrx_word' id='word_1_88' title='bbox 1813 1734 2134 1823; x_wconf 89' lang='lat' dir='ltr'><strong>praecipua</strong></span> <span class='ocrx_word' id='word_1_89' title='bbox 2169 1734 2299 1819; x_wconf 88' lang='lat' dir='ltr'><strong>lege</strong></span> <span class='ocrx_word' id='word_1_90' title='bbox 2337 1734 2766 1800; x_wconf 78' lang='lat' dir='ltr'><strong>Providentiae</strong></span> <span class='ocrx_word' id='word_1_91' title='bbox 2810 1734 3053 1799; x_wconf 87' lang='lat' dir='ltr'><strong>divinae</strong></span> <span class='ocrx_word' id='word_1_92' title='bbox 3097 1734 3175 1800; x_wconf 90' lang='lat' dir='ltr'><strong>ab</strong></span> <span class='ocrx_word' id='word_1_93' title='bbox 3210 1733 3500 1799; x_wconf 88' lang='lat' dir='ltr'><strong>historico</strong></span> <span class='ocrx_word' id='word_1_94' title='bbox 3536 1732 3783 1799; x_wconf 81' lang='lat' dir='ltr'><strong>doctore</strong></span> <span class='ocrx_word' id='word_1_95' title='bbox 3819 1732 4225 1815; x_wconf 81' lang='lat' dir='ltr'><strong>observanda,</strong></span> <span class='ocrx_word' id='word_1_96' title='bbox 4270 1734 4474 1801; x_wconf 79' lang='lat' dir='ltr'><strong>habita</strong></span> 
     </span>
     <span class='ocr_line' id='line_1_12' title="bbox 1515 1834 4468 1924; baseline -0 -20"><span class='ocrx_word' id='word_1_97' title='bbox 1515 1838 1738 1904; x_wconf 88' lang='lat' dir='ltr'><strong>Leidae</strong></span> <span class='ocrx_word' id='word_1_98' title='bbox 1771 1862 1826 1904; x_wconf 93' lang='lat' dir='ltr'><strong>a.</strong></span> <span class='ocrx_word' id='word_1_99' title='bbox 1851 1838 1910 1903; x_wconf 95' lang='lat' dir='ltr'><strong>d.</strong></span> <span class='ocrx_word' id='word_1_100' title='bbox 1949 1858 2037 1903; x_wconf 82' lang='lat' dir='ltr'><strong>xv</strong></span> <span class='ocrx_word' id='word_1_101' title='bbox 2064 1838 2107 1901; x_wconf 83' lang='lat' dir='ltr'><strong>J</strong></span> <span class='ocrx_word' id='word_1_102' title='bbox 2111 1838 2238 1902; x_wconf 88' lang='lat' dir='ltr'><strong>unii</strong></span> <span class='ocrx_word' id='word_1_103' title='bbox 2285 1840 2486 1918; x_wconf 76' lang='grc'><strong>1822,</strong></span> <span class='ocrx_word' id='word_1_104' title='bbox 2526 1838 2604 1902; x_wconf 89' lang='lat' dir='ltr'><strong>ad</strong></span> <span class='ocrx_word' id='word_1_105' title='bbox 2650 1837 3079 1923; x_wconf 78' lang='lat' dir='ltr'><strong>auspicandam</strong></span> <span class='ocrx_word' id='word_1_106' title='bbox 3133 1836 3562 1924; x_wconf 75' lang='lat' dir='ltr'><strong>Philosophiae</strong></span> <span class='ocrx_word' id='word_1_107' title='bbox 3610 1834 3979 1901; x_wconf 80' lang='lat' dir='ltr'><strong>theoreticae</strong></span> <span class='ocrx_word' id='word_1_108' title='bbox 4022 1842 4087 1901; x_wconf 90' lang='lat' dir='ltr'><strong>et</strong></span> <span class='ocrx_word' id='word_1_109' title='bbox 4126 1834 4468 1903; x_wconf 86' lang='lat' dir='ltr'><strong>Literarum</strong></span> 
     </span>
     <span class='ocr_line' id='line_1_13' title="bbox 1515 1940 3008 2028; baseline -0.001 -21"><span class='ocrx_word' id='word_1_110' title='bbox 1515 1942 1937 2008; x_wconf 88' lang='lat' dir='ltr'><strong>humaniorum</strong></span> <span class='ocrx_word' id='word_1_111' title='bbox 1983 1941 2414 2028; x_wconf 76' lang='lat' dir='ltr'><strong>professionem</strong></span> <span class='ocrx_word' id='word_1_112' title='bbox 2461 1940 2846 2006; x_wconf 86' lang='lat' dir='ltr'><strong>ordinariam.</strong></span> <span class='ocrx_word' id='word_1_113' title='bbox 2914 1944 3008 2006; x_wconf 82' lang='lat'><strong>4⁰.</strong></span> 
     </span>
    </p>

    <p class='ocr_par' dir='ltr' id='par_1_7' title="bbox 1602 2042 3494 2129">
     <span class='ocr_line' id='line_1_14' title="bbox 1602 2042 3494 2129; baseline 0.001 -21"><span class='ocrx_word' id='word_1_114' title='bbox 1602 2043 1683 2110; x_wconf 89' lang='lat' dir='ltr'><strong>In</strong></span> <span class='ocrx_word' id='word_1_115' title='bbox 1726 2042 2064 2111; x_wconf 81' lang='lat' dir='ltr'><strong>Annalibus</strong></span> <span class='ocrx_word' id='word_1_116' title='bbox 2109 2042 2470 2109; x_wconf 82' lang='lat' dir='ltr'><strong>Academiae</strong></span> <span class='ocrx_word' id='word_1_117' title='bbox 2514 2042 2982 2129; x_wconf 87' lang='lat' dir='ltr'><strong>Lugduno-Bat.</strong></span> <span class='ocrx_word' id='word_1_118' title='bbox 3035 2044 3494 2109; x_wconf 83' lang='grc'><strong>1822-1828.</strong></span> 
     </span>
    </p>

    <p class='ocr_par' dir='ltr' id='par_1_8' title="bbox 1428 2143 4464 2336">
     <span class='ocr_line' id='line_1_15' title="bbox 1428 2143 4464 2231; baseline -0.001 -16"><span class='ocrx_word' id='word_1_119' title='bbox 1428 2145 1684 2215; x_wconf 84' lang='lat' dir='ltr'><strong>Carmen</strong></span> <span class='ocrx_word' id='word_1_120' title='bbox 1729 2148 2050 2213; x_wconf 86' lang='lat' dir='ltr'><strong>recitatum</strong></span> <span class='ocrx_word' id='word_1_121' title='bbox 2097 2168 2256 2211; x_wconf 88' lang='lat' dir='ltr'><strong>anno</strong></span> <span class='ocrx_word' id='word_1_122' title='bbox 2305 2168 2342 2210; x_wconf 90' lang='lat' dir='ltr'><strong>a</strong></span> <span class='ocrx_word' id='word_1_123' title='bbox 2385 2145 2632 2211; x_wconf 85' lang='lat' dir='ltr'><strong>condita</strong></span> <span class='ocrx_word' id='word_1_124' title='bbox 2675 2144 2959 2209; x_wconf 83' lang='lat' dir='ltr'><strong>Leidensi</strong></span> <span class='ocrx_word' id='word_1_125' title='bbox 3006 2144 3335 2210; x_wconf 85' lang='lat' dir='ltr'><strong>Academia</strong></span> <span class='ocrx_word' id='word_1_126' title='bbox 3377 2143 3884 2231; x_wconf 81' lang='lat' dir='ltr'><strong>quinquagesimo</strong></span> <span class='ocrx_word' id='word_1_127' title='bbox 3928 2148 3992 2210; x_wconf 88' lang='lat' dir='ltr'><strong>et</strong></span> <span class='ocrx_word' id='word_1_128' title='bbox 4034 2144 4464 2211; x_wconf 69' lang='lat' dir='ltr'><strong>ducentesimo.</strong></span> 
     </span>
     <span class='ocr_line' id='line_1_16' title="bbox 1513 2246 3235 2336; baseline -0.002 -21"><span class='ocrx_word' id='word_1_129' title='bbox 1513 2249 1805 2336; x_wconf 82' lang='lat' dir='ltr'><strong>Lugduni</strong></span> <span class='ocrx_word' id='word_1_130' title='bbox 1835 2248 2048 2314; x_wconf 69' lang='lat' dir='ltr'><strong>BataV.</strong></span> <span class='ocrx_word' id='word_1_131' title='bbox 2095 2246 2157 2313; x_wconf 90' lang='lat' dir='ltr'><strong>S.</strong></span> <span class='ocrx_word' id='word_1_132' title='bbox 2205 2253 2268 2313; x_wconf 89' lang='lat' dir='ltr'><strong>et</strong></span> <span class='ocrx_word' id='word_1_133' title='bbox 2308 2248 2370 2313; x_wconf 83' lang='lat' dir='ltr'><strong>J.</strong></span> <span class='ocrx_word' id='word_1_134' title='bbox 2417 2246 2821 2327; x_wconf 84' lang='lat' dir='ltr'><strong>Luchtmans,</strong></span> <span class='ocrx_word' id='word_1_135' title='bbox 2875 2248 3067 2312; x_wconf 77' lang='grc'><strong>1825.</strong></span> <span class='ocrx_word' id='word_1_136' title='bbox 3136 2249 3235 2313; x_wconf 85' lang='lat'><strong>40.</strong></span> 
     </span>
    </p>

    <p class='ocr_par' dir='ltr' id='par_1_9' title="bbox 1511 2349 4461 2533">
     <span class='ocr_line' id='line_1_17' title="bbox 1600 2349 4461 2437; baseline 0.001 -20"><span class='ocrx_word' id='word_1_137' title='bbox 1600 2352 1676 2417; x_wconf 89' lang='lat' dir='ltr'><strong>In</strong></span> <span class='ocrx_word' id='word_1_138' title='bbox 1738 2350 1913 2418; x_wconf 87' lang='lat' dir='ltr'><strong>Actis</strong></span> <span class='ocrx_word' id='word_1_139' title='bbox 1977 2350 2210 2416; x_wconf 83' lang='lat' dir='ltr'><strong>Saecul.</strong></span> <span class='ocrx_word' id='word_1_140' title='bbox 2275 2350 2468 2417; x_wconf 90' lang='lat' dir='ltr'><strong>Acad.</strong></span> <span class='ocrx_word' id='word_1_141' title='bbox 2524 2388 2613 2401; x_wconf 89' lang='lat'><em>-</em></span> <span class='ocrx_word' id='word_1_142' title='bbox 2674 2350 2749 2416; x_wconf 90' lang='lat' dir='ltr'><strong>ln</strong></span> <span class='ocrx_word' id='word_1_143' title='bbox 2793 2350 3054 2437; x_wconf 86' lang='lat' dir='ltr'><strong>patriam</strong></span> <span class='ocrx_word' id='word_1_144' title='bbox 3096 2349 3369 2436; x_wconf 86' lang='lat' dir='ltr'><strong>linguam</strong></span> <span class='ocrx_word' id='word_1_145' title='bbox 3430 2350 3734 2415; x_wconf 81' lang='lat' dir='ltr'><strong>convertit</strong></span> <span class='ocrx_word' id='word_1_146' title='bbox 3790 2349 3854 2416; x_wconf 88' lang='lat' dir='ltr'><strong>J.</strong></span> <span class='ocrx_word' id='word_1_147' title='bbox 3902 2350 3976 2417; x_wconf 76' lang='lat' dir='ltr'><strong>E.</strong></span> <span class='ocrx_word' id='word_1_148' title='bbox 4028 2373 4144 2418; x_wconf 85' lang='lat' dir='ltr'><strong>van</strong></span> <span class='ocrx_word' id='word_1_149' title='bbox 4192 2350 4461 2421; x_wconf 84' lang='lat' dir='ltr'><strong>Varelen.</strong></span> 
     </span>
     <span class='ocr_line' id='line_1_18' title="bbox 1511 2454 2311 2533; baseline -0.003 -13"><span class='ocrx_word' id='word_1_150' title='bbox 1511 2454 1820 2533; x_wconf 89' lang='lat' dir='ltr'><strong>Harlemi,</strong></span> <span class='ocrx_word' id='word_1_151' title='bbox 1866 2454 2078 2519; x_wconf 90' lang='lat' dir='ltr'><strong>eodem</strong></span> <span class='ocrx_word' id='word_1_152' title='bbox 2131 2475 2311 2519; x_wconf 87' lang='lat' dir='ltr'><strong>anno.</strong></span> 
     </span>
    </p>

    <p class='ocr_par' dir='ltr' id='par_1_10' title="bbox 1428 2553 4462 2829">
     <span class='ocr_line' id='line_1_19' title="bbox 1428 2553 4462 2642; baseline -0.001 -17"><span class='ocrx_word' id='word_1_153' title='bbox 1428 2560 1492 2625; x_wconf 84' lang='grc'><strong>0.</strong></span> <span class='ocrx_word' id='word_1_154' title='bbox 1545 2558 1806 2624; x_wconf 72' lang='lat' dir='ltr'><strong>Cornelii</strong></span> <span class='ocrx_word' id='word_1_155' title='bbox 1851 2558 2042 2623; x_wconf 75' lang='lat' dir='ltr'><strong>Taciti</strong></span> <span class='ocrx_word' id='word_1_156' title='bbox 2090 2557 2167 2622; x_wconf 92' lang='lat' dir='ltr'><strong>de</strong></span> <span class='ocrx_word' id='word_1_157' title='bbox 2215 2556 2344 2620; x_wconf 86' lang='lat' dir='ltr'><strong>vita</strong></span> <span class='ocrx_word' id='word_1_158' title='bbox 2395 2563 2458 2621; x_wconf 88' lang='lat' dir='ltr'><strong>et</strong></span> <span class='ocrx_word' id='word_1_159' title='bbox 2502 2554 2772 2620; x_wconf 90' lang='lat' dir='ltr'><strong>moribus</strong></span> <span class='ocrx_word' id='word_1_160' title='bbox 2824 2554 2937 2619; x_wconf 94' lang='lat' dir='ltr'><strong>Cn.</strong></span> <span class='ocrx_word' id='word_1_161' title='bbox 2996 2554 3039 2617; x_wconf 83' lang='lat' dir='ltr'><strong>J</strong></span> <span class='ocrx_word' id='word_1_162' title='bbox 3042 2554 3156 2619; x_wconf 91' lang='lat' dir='ltr'><strong>ulii</strong></span> <span class='ocrx_word' id='word_1_163' title='bbox 3218 2555 3543 2642; x_wconf 83' lang='lat' dir='ltr'><strong>Agricolae</strong></span> <span class='ocrx_word' id='word_1_164' title='bbox 3588 2554 3757 2621; x_wconf 89' lang='lat' dir='ltr'><strong>liber.</strong></span> <span class='ocrx_word' id='word_1_165' title='bbox 3846 2553 4063 2621; x_wconf 79' lang='lat' dir='ltr'><strong>Edidit</strong></span> <span class='ocrx_word' id='word_1_166' title='bbox 4109 2558 4174 2620; x_wconf 88' lang='lat' dir='ltr'><strong>et</strong></span> <span class='ocrx_word' id='word_1_167' title='bbox 4217 2562 4462 2621; x_wconf 84' lang='lat' dir='ltr'><strong>annota-</strong></span> 
     </span>
     <span class='ocr_line' id='line_1_20' title="bbox 1509 2656 4457 2745; baseline -0.001 -18"><span class='ocrx_word' id='word_1_168' title='bbox 1509 2662 1678 2727; x_wconf 88' lang='lat' dir='ltr'><strong>tione</strong></span> <span class='ocrx_word' id='word_1_169' title='bbox 1716 2659 2049 2725; x_wconf 83' lang='lat' dir='ltr'><strong>illustravit</strong></span> <span class='ocrx_word' id='word_1_170' title='bbox 2082 2660 2308 2725; x_wconf 71' lang='lat' dir='ltr'><strong>Petrus</strong></span> <span class='ocrx_word' id='word_1_171' title='bbox 2331 2660 2595 2745; x_wconf 56' lang='lat' dir='ltr'><strong>quhau</strong></span> <span class='ocrx_word' id='word_1_172' title='bbox 2620 2658 2998 2743; x_wconf 63' lang='lat' dir='ltr'><strong>Peerlkamp.</strong></span> <span class='ocrx_word' id='word_1_173' title='bbox 3056 2656 3348 2743; x_wconf 82' lang='lat' dir='ltr'><strong>Lugduni</strong></span> <span class='ocrx_word' id='word_1_174' title='bbox 3379 2656 3741 2725; x_wconf 85' lang='lat' dir='ltr'><strong>Batavorum</strong></span> <span class='ocrx_word' id='word_1_175' title='bbox 3754 2709 3774 2741; x_wconf 91' lang='lat'><strong>,</strong></span> <span class='ocrx_word' id='word_1_176' title='bbox 3802 2659 3867 2725; x_wconf 80' lang='lat' dir='ltr'><strong>S.</strong></span> <span class='ocrx_word' id='word_1_177' title='bbox 3890 2666 3955 2725; x_wconf 89' lang='lat' dir='ltr'><strong>et</strong></span> <span class='ocrx_word' id='word_1_178' title='bbox 3973 2659 4017 2724; x_wconf 84' lang='lat' dir='ltr'><strong>J</strong></span> <span class='ocrx_word' id='word_1_179' title='bbox 4021 2706 4038 2725; x_wconf 93' lang='lat'><strong>.</strong></span> <span class='ocrx_word' id='word_1_180' title='bbox 4059 2658 4457 2741; x_wconf 84' lang='lat' dir='ltr'><strong>Luchtmans,</strong></span> 
     </span>
     <span class='ocr_line' id='line_1_21' title="bbox 1510 2764 1863 2829; baseline -0.003 -3"><span class='ocrx_word' id='word_1_181' title='bbox 1510 2764 1702 2829; x_wconf 87' lang='grc'><strong>1827.</strong></span> <span class='ocrx_word' id='word_1_182' title='bbox 1773 2764 1863 2826; x_wconf 85' lang='lat'><strong>80.</strong></span> 
     </span>
    </p>

    <p class='ocr_par' dir='ltr' id='par_1_11' title="bbox 1419 2861 4459 3156">
     <span class='ocr_line' id='line_1_22' title="bbox 1419 2861 4459 2951; baseline -0 -21"><span class='ocrx_word' id='word_1_183' title='bbox 1419 2863 1670 2931; x_wconf 83' lang='lat' dir='ltr'><strong>Carmen</strong></span> <span class='ocrx_word' id='word_1_184' title='bbox 1719 2864 2051 2951; x_wconf 84' lang='lat' dir='ltr'><strong>elegiacum</strong></span> <span class='ocrx_word' id='word_1_185' title='bbox 2098 2862 2369 2929; x_wconf 86' lang='lat' dir='ltr'><strong>dicatum</strong></span> <span class='ocrx_word' id='word_1_186' title='bbox 2413 2862 2685 2949; x_wconf 89' lang='lat' dir='ltr'><strong>Collegio</strong></span> <span class='ocrx_word' id='word_1_187' title='bbox 2728 2861 2870 2951; x_wconf 88' lang='lat' dir='ltr'><strong>Spei</strong></span> <span class='ocrx_word' id='word_1_188' title='bbox 2914 2862 3219 2929; x_wconf 88' lang='lat' dir='ltr'><strong>Nauticae</strong></span> <span class='ocrx_word' id='word_1_189' title='bbox 3263 2862 3823 2929; x_wconf 84' lang='lat' dir='ltr'><strong>Amstelodamensi.</strong></span> <span class='ocrx_word' id='word_1_190' title='bbox 3895 2861 3973 2926; x_wconf 92' lang='lat' dir='ltr'><strong>In</strong></span> <span class='ocrx_word' id='word_1_191' title='bbox 4018 2863 4241 2949; x_wconf 89' lang='lat' dir='ltr'><strong>stipem</strong></span> <span class='ocrx_word' id='word_1_192' title='bbox 4280 2862 4459 2929; x_wconf 76' lang='lat' dir='ltr'><strong>Turri</strong></span> 
     </span>
     <span class='ocr_line' id='line_1_23' title="bbox 1511 2963 4459 3054; baseline -0.001 -21"><span class='ocrx_word' id='word_1_193' title='bbox 1511 2967 1880 3054; x_wconf 78' lang='lat' dir='ltr'><strong>Speykanae.</strong></span> <span class='ocrx_word' id='word_1_194' title='bbox 1975 2966 2452 3047; x_wconf 88' lang='lat' dir='ltr'><strong>Amstelodami,</strong></span> <span class='ocrx_word' id='word_1_195' title='bbox 2512 2964 2675 3051; x_wconf 89' lang='lat' dir='ltr'><strong>apud</strong></span> <span class='ocrx_word' id='word_1_196' title='bbox 2729 2963 2809 3030; x_wconf 88' lang='lat' dir='ltr'><strong>G.</strong></span> <span class='ocrx_word' id='word_1_197' title='bbox 2853 2965 2915 3031; x_wconf 84' lang='lat' dir='ltr'><strong>J.</strong></span> <span class='ocrx_word' id='word_1_198' title='bbox 2963 2967 3042 3031; x_wconf 94' lang='lat' dir='ltr'><strong>A.</strong></span> <span class='ocrx_word' id='word_1_199' title='bbox 3092 2964 3465 3051; x_wconf 84' lang='lat' dir='ltr'><strong>Beijeriuck,</strong></span> <span class='ocrx_word' id='word_1_200' title='bbox 3516 2968 3711 3033; x_wconf 84' lang='lat'><strong>1831.</strong></span> <span class='ocrx_word' id='word_1_201' title='bbox 3762 3002 3850 3017; x_wconf 90' lang='lat'>—</span> <span class='ocrx_word' id='word_1_202' title='bbox 3894 2963 4147 3032; x_wconf 79' lang='lat' dir='ltr'><strong>Novum</strong></span> <span class='ocrx_word' id='word_1_203' title='bbox 4204 2965 4459 3032; x_wconf 82' lang='lat' dir='ltr'><strong>Carmen</strong></span> 
     </span>
     <span class='ocr_line' id='line_1_24' title="bbox 1507 3066 4235 3156; baseline 0 -20"><span class='ocrx_word' id='word_1_204' title='bbox 1507 3070 1797 3136; x_wconf 84' lang='lat' dir='ltr'><strong>Latinum</strong></span> <span class='ocrx_word' id='word_1_205' title='bbox 1843 3069 2113 3136; x_wconf 87' lang='lat' dir='ltr'><strong>dicatum</strong></span> <span class='ocrx_word' id='word_1_206' title='bbox 2155 3066 2427 3156; x_wconf 88' lang='lat' dir='ltr'><strong>Collegio</strong></span> <span class='ocrx_word' id='word_1_207' title='bbox 2476 3067 2621 3156; x_wconf 85' lang='lat' dir='ltr'><strong>Spei</strong></span> <span class='ocrx_word' id='word_1_208' title='bbox 2665 3067 2969 3134; x_wconf 88' lang='lat' dir='ltr'><strong>Nauticae</strong></span> <span class='ocrx_word' id='word_1_209' title='bbox 3016 3067 3583 3134; x_wconf 86' lang='lat' dir='ltr'><strong>Amstelodamensi.</strong></span> <span class='ocrx_word' id='word_1_210' title='bbox 3674 3067 3838 3136; x_wconf 87' lang='lat' dir='ltr'><strong>Ibid.</strong></span> <span class='ocrx_word' id='word_1_211' title='bbox 3888 3069 4081 3136; x_wconf 77' lang='grc'><strong>1832.</strong></span> <span class='ocrx_word' id='word_1_212' title='bbox 4142 3070 4235 3136; x_wconf 86' lang='lat'><strong>8⁰.</strong></span> 
     </span>
    </p>

    <p class='ocr_par' dir='ltr' id='par_1_12' title="bbox 1595 3171 3196 3258">
     <span class='ocr_line' id='line_1_25' title="bbox 1595 3171 3196 3258; baseline 0.001 -23"><span class='ocrx_word' id='word_1_213' title='bbox 1595 3172 1837 3238; x_wconf 90' lang='lat' dir='ltr'><strong>Prodiit</strong></span> <span class='ocrx_word' id='word_1_214' title='bbox 1883 3180 2212 3258; x_wconf 86' lang='lat' dir='ltr'><strong>utrumque</strong></span> <span class='ocrx_word' id='word_1_215' title='bbox 2256 3194 2573 3258; x_wconf 82' lang='lat' dir='ltr'><strong>suppresso</strong></span> <span class='ocrx_word' id='word_1_216' title='bbox 2617 3171 2883 3236; x_wconf 87' lang='lat' dir='ltr'><strong>auctoris</strong></span> <span class='ocrx_word' id='word_1_217' title='bbox 2928 3171 3196 3237; x_wconf 86' lang='lat' dir='ltr'><strong>nomine.</strong></span> 
     </span>
    </p>

    <p class='ocr_par' dir='ltr' id='par_1_13' title="bbox 1419 3271 4457 3464">
     <span class='ocr_line' id='line_1_26' title="bbox 1419 3271 4457 3361; baseline 0 -21"><span class='ocrx_word' id='word_1_218' title='bbox 1419 3274 1631 3340; x_wconf 89' lang='lat' dir='ltr'><strong>Oratio</strong></span> <span class='ocrx_word' id='word_1_219' title='bbox 1675 3275 1883 3341; x_wconf 88' lang='lat' dir='ltr'><strong>habita</strong></span> <span class='ocrx_word' id='word_1_220' title='bbox 1922 3275 2147 3340; x_wconf 87' lang='lat' dir='ltr'><strong>Leidae</strong></span> <span class='ocrx_word' id='word_1_221' title='bbox 2190 3275 2577 3361; x_wconf 87' lang='lat' dir='ltr'><strong>auspicandis</strong></span> <span class='ocrx_word' id='word_1_222' title='bbox 2617 3273 3013 3354; x_wconf 86' lang='lat' dir='ltr'><strong>lectionibus,</strong></span> <span class='ocrx_word' id='word_1_223' title='bbox 3069 3295 3274 3339; x_wconf 76' lang='lat' dir='ltr'><strong>mense</strong></span> <span class='ocrx_word' id='word_1_224' title='bbox 3318 3271 3576 3339; x_wconf 83' lang='lat' dir='ltr'><strong>Octobri</strong></span> <span class='ocrx_word' id='word_1_225' title='bbox 3626 3276 3818 3340; x_wconf 81' lang='grc'><strong>1831.</strong></span> <span class='ocrx_word' id='word_1_226' title='bbox 3906 3273 4161 3358; x_wconf 86' lang='lat' dir='ltr'><strong>Leidae,</strong></span> <span class='ocrx_word' id='word_1_227' title='bbox 4218 3273 4323 3341; x_wconf 95' lang='grc' dir='ltr'><strong>Η.</strong></span> <span class='ocrx_word' id='word_1_228' title='bbox 4354 3273 4457 3341; x_wconf 83' lang='lat' dir='ltr'><strong>W.</strong></span> 
     </span>
     <span class='ocr_line' id='line_1_27' title="bbox 1505 3377 2395 3464; baseline 0 -22"><span class='ocrx_word' id='word_1_229' title='bbox 1505 3377 1862 3464; x_wconf 86' lang='lat' dir='ltr'><strong>Hazenberg</strong></span> <span class='ocrx_word' id='word_1_230' title='bbox 1904 3377 1947 3442; x_wconf 84' lang='lat' dir='ltr'><strong>J</strong></span> <span class='ocrx_word' id='word_1_231' title='bbox 1948 3400 1998 3444; x_wconf 92' lang='lat' dir='ltr'><strong>r</strong></span> <span class='ocrx_word' id='word_1_232' title='bbox 2056 3381 2134 3443; x_wconf 89' lang='lat'><strong>18</strong></span> <span class='ocrx_word' id='word_1_233' title='bbox 2146 3381 2247 3444; x_wconf 96' lang='grc'><strong>’.51</strong></span> <span class='ocrx_word' id='word_1_234' title='bbox 2303 3379 2395 3443; x_wconf 83' lang='lat'><strong>8⁰.</strong></span> 
     </span>
    </p>

    <p class='ocr_par' dir='ltr' id='par_1_14' title="bbox 1429 3479 4455 3775">
     <span class='ocr_line' id='line_1_28' title="bbox 1429 3479 4455 3568; baseline 0 -22"><span class='ocrx_word' id='word_1_235' title='bbox 1429 3480 1500 3551; x_wconf 77' lang='lat' dir='ltr'><strong>Q.</strong></span> <span class='ocrx_word' id='word_1_236' title='bbox 1539 3481 1788 3546; x_wconf 77' lang='lat' dir='ltr'><strong>Horatii</strong></span> <span class='ocrx_word' id='word_1_237' title='bbox 1819 3481 2030 3546; x_wconf 75' lang='lat' dir='ltr'><strong>Flacci</strong></span> <span class='ocrx_word' id='word_1_238' title='bbox 2061 3479 2366 3547; x_wconf 87' lang='lat' dir='ltr'><strong>Carmina.</strong></span> <span class='ocrx_word' id='word_1_239' title='bbox 2427 3481 2756 3547; x_wconf 81' lang='lat' dir='ltr'><strong>Recensuit</strong></span> <span class='ocrx_word' id='word_1_240' title='bbox 2792 3481 2871 3547; x_wconf 89' lang='lat' dir='ltr'><strong>P.</strong></span> <span class='ocrx_word' id='word_1_241' title='bbox 2918 3482 3191 3568; x_wconf 70' lang='lat' dir='ltr'><strong>quman</strong></span> <span class='ocrx_word' id='word_1_242' title='bbox 3236 3480 3620 3565; x_wconf 78' lang='lat' dir='ltr'><strong>Peerlkamp,</strong></span> <span class='ocrx_word' id='word_1_243' title='bbox 3668 3479 3828 3547; x_wconf 91' lang='lat' dir='ltr'><strong>Phil.</strong></span> <span class='ocrx_word' id='word_1_244' title='bbox 3876 3480 4070 3549; x_wconf 89' lang='lat' dir='ltr'><strong>theor.</strong></span> <span class='ocrx_word' id='word_1_245' title='bbox 4116 3480 4289 3568; x_wconf 82' lang='lat' dir='ltr'><strong>Mag.</strong></span> <span class='ocrx_word' id='word_1_246' title='bbox 4332 3479 4455 3546; x_wconf 88' lang='lat' dir='ltr'><strong>Lit.</strong></span> 
     </span>
     <span class='ocr_line' id='line_1_29' title="bbox 1503 3581 4455 3670; baseline -0.001 -20"><span class='ocrx_word' id='word_1_247' title='bbox 1503 3585 1674 3651; x_wconf 90' lang='lat' dir='ltr'><strong>hum.</strong></span> <span class='ocrx_word' id='word_1_248' title='bbox 1735 3584 1972 3650; x_wconf 84' lang='lat' dir='ltr'><strong>Doctor</strong></span> <span class='ocrx_word' id='word_1_249' title='bbox 2027 3593 2091 3652; x_wconf 82' lang='lat' dir='ltr'><strong>et</strong></span> <span class='ocrx_word' id='word_1_250' title='bbox 2149 3587 2460 3652; x_wconf 73' lang='lat' dir='ltr'><strong>Professor</strong></span> <span class='ocrx_word' id='word_1_251' title='bbox 2516 3586 2712 3651; x_wconf 88' lang='lat' dir='ltr'><strong>ordin.</strong></span> <span class='ocrx_word' id='word_1_252' title='bbox 2768 3585 2835 3649; x_wconf 87' lang='lat' dir='ltr'><strong>in</strong></span> <span class='ocrx_word' id='word_1_253' title='bbox 2893 3581 3224 3650; x_wconf 89' lang='lat' dir='ltr'><strong>Academia</strong></span> <span class='ocrx_word' id='word_1_254' title='bbox 3275 3581 3937 3662; x_wconf 82' lang='lat' dir='ltr'><strong>Leidensi,1nstituti</strong></span> <span class='ocrx_word' id='word_1_255' title='bbox 3994 3583 4175 3670; x_wconf 81' lang='lat' dir='ltr'><strong>Regii</strong></span> <span class='ocrx_word' id='word_1_256' title='bbox 4226 3583 4455 3649; x_wconf 88' lang='lat' dir='ltr'><strong>Neder·</strong></span> 
     </span>
     <span class='ocr_line' id='line_1_30' title="bbox 1507 3687 3387 3775; baseline -0.001 -22"><span class='ocrx_word' id='word_1_257' title='bbox 1507 3688 1732 3754; x_wconf 89' lang='lat' dir='ltr'><strong>landici</strong></span> <span class='ocrx_word' id='word_1_258' title='bbox 1778 3688 2033 3755; x_wconf 88' lang='lat' dir='ltr'><strong>Sodalis.</strong></span> <span class='ocrx_word' id='word_1_259' title='bbox 2125 3689 2430 3770; x_wconf 86' lang='lat' dir='ltr'><strong>Harlemi,</strong></span> <span class='ocrx_word' id='word_1_260' title='bbox 2476 3689 2657 3755; x_wconf 83' lang='lat' dir='ltr'><strong>Vino.</strong></span> <span class='ocrx_word' id='word_1_261' title='bbox 2702 3687 2981 3775; x_wconf 83' lang='lat' dir='ltr'><strong>Loosjes,</strong></span> <span class='ocrx_word' id='word_1_262' title='bbox 3035 3689 3225 3751; x_wconf 73' lang='lat'><strong>18:34.</strong></span> <span class='ocrx_word' id='word_1_263' title='bbox 3294 3687 3366 3750; x_wconf 79' lang='lat'><strong>8⁰</strong></span> <span class='ocrx_word' id='word_1_264' title='bbox 3370 3731 3387 3752; x_wconf 90' lang='lat'><strong>.</strong></span> 
     </span>
    </p>

    <p class='ocr_par' dir='ltr' id='par_1_15' title="bbox 1422 3787 4454 3979">
     <span class='ocr_line' id='line_1_31' title="bbox 1422 3787 4454 3876; baseline 0 -22"><span class='ocrx_word' id='word_1_265' title='bbox 1422 3788 1603 3855; x_wconf 87' lang='lat' dir='ltr'><strong>Liber</strong></span> <span class='ocrx_word' id='word_1_266' title='bbox 1647 3790 1724 3855; x_wconf 91' lang='lat' dir='ltr'><strong>de</strong></span> <span class='ocrx_word' id='word_1_267' title='bbox 1775 3791 1936 3870; x_wconf 82' lang='lat' dir='ltr'><strong>vita,</strong></span> <span class='ocrx_word' id='word_1_268' title='bbox 1982 3791 2258 3858; x_wconf 87' lang='lat' dir='ltr'><strong>doct-rina</strong></span> <span class='ocrx_word' id='word_1_269' title='bbox 2303 3799 2368 3858; x_wconf 89' lang='lat' dir='ltr'><strong>et</strong></span> <span class='ocrx_word' id='word_1_270' title='bbox 2411 3792 2704 3858; x_wconf 82' lang='lat' dir='ltr'><strong>facultate</strong></span> <span class='ocrx_word' id='word_1_271' title='bbox 2749 3787 3307 3868; x_wconf 86' lang='lat' dir='ltr'><strong>Nederlandorum,</strong></span> <span class='ocrx_word' id='word_1_272' title='bbox 3372 3787 3480 3873; x_wconf 89' lang='lat' dir='ltr'><strong>qui</strong></span> <span class='ocrx_word' id='word_1_273' title='bbox 3524 3789 3789 3854; x_wconf 90' lang='lat' dir='ltr'><strong>carmina</strong></span> <span class='ocrx_word' id='word_1_274' title='bbox 3837 3788 4061 3855; x_wconf 85' lang='lat' dir='ltr'><strong>Latina</strong></span> <span class='ocrx_word' id='word_1_275' title='bbox 4104 3809 4454 3876; x_wconf 85' lang='lat' dir='ltr'><strong>composue-</strong></span> 
     </span>
     <span class='ocr_line' id='line_1_32' title="bbox 1506 3889 4077 3979; baseline 0 -23"><span class='ocrx_word' id='word_1_276' title='bbox 1506 3899 1669 3957; x_wconf 86' lang='lat' dir='ltr'><strong>runt.</strong></span> <span class='ocrx_word' id='word_1_277' title='bbox 1759 3891 1874 3957; x_wconf 81' lang='lat' dir='ltr'><strong>Ed.</strong></span> <span class='ocrx_word' id='word_1_278' title='bbox 1922 3893 2026 3958; x_wconf 88' lang='lat' dir='ltr'><strong>alt.</strong></span> <span class='ocrx_word' id='word_1_279' title='bbox 2071 3896 2386 3961; x_wconf 88' lang='lat' dir='ltr'><strong>emendata</strong></span> <span class='ocrx_word' id='word_1_280' title='bbox 2429 3903 2493 3961; x_wconf 89' lang='lat' dir='ltr'><strong>et</strong></span> <span class='ocrx_word' id='word_1_281' title='bbox 2536 3902 2734 3961; x_wconf 87' lang='lat' dir='ltr'><strong>aucta.</strong></span> <span class='ocrx_word' id='word_1_282' title='bbox 2826 3891 3135 3973; x_wconf 87' lang='lat' dir='ltr'><strong>Harlemi,</strong></span> <span class='ocrx_word' id='word_1_283' title='bbox 3186 3893 3364 3957; x_wconf 86' lang='lat' dir='ltr'><strong>Vinc.</strong></span> <span class='ocrx_word' id='word_1_284' title='bbox 3410 3889 3693 3979; x_wconf 65' lang='lat' dir='ltr'><strong>Loosjoe,</strong></span> <span class='ocrx_word' id='word_1_285' title='bbox 3743 3892 3937 3957; x_wconf 83' lang='lat'><strong>18:38.</strong></span> <span class='ocrx_word' id='word_1_286' title='bbox 3984 3893 4077 3956; x_wconf 78' lang='lat'><strong>8⁰.</strong></span> 
     </span>
    </p>

    <p class='ocr_par' dir='ltr' id='par_1_16' title="bbox 1419 3992 4454 4390">
     <span class='ocr_line' id='line_1_33' title="bbox 1419 3992 4453 4081; baseline 0 -23"><span class='ocrx_word' id='word_1_287' title='bbox 1419 3992 1634 4059; x_wconf 87' lang='lat' dir='ltr'><strong>Oratio</strong></span> <span class='ocrx_word' id='word_1_288' title='bbox 1679 3992 1752 4057; x_wconf 88' lang='lat' dir='ltr'><strong>de</strong></span> <span class='ocrx_word' id='word_1_289' title='bbox 1805 4002 2120 4079; x_wconf 88' lang='lat' dir='ltr'><strong>perpetua,</strong></span> <span class='ocrx_word' id='word_1_290' title='bbox 2178 4018 2333 4081; x_wconf 86' lang='lat' dir='ltr'><strong>quae</strong></span> <span class='ocrx_word' id='word_1_291' title='bbox 2391 3997 2755 4062; x_wconf 84' lang='lat' dir='ltr'><strong>Academiae</strong></span> <span class='ocrx_word' id='word_1_292' title='bbox 2815 3995 3099 4062; x_wconf 86' lang='lat' dir='ltr'><strong>Leidensi</strong></span> <span class='ocrx_word' id='word_1_293' title='bbox 3145 4017 3285 4061; x_wconf 87' lang='lat' dir='ltr'><strong>cum</strong></span> <span class='ocrx_word' id='word_1_294' title='bbox 3329 4001 3509 4080; x_wconf 81' lang='lat' dir='ltr'><strong>gente</strong></span> <span class='ocrx_word' id='word_1_295' title='bbox 3556 3992 3885 4059; x_wconf 86' lang='lat' dir='ltr'><strong>Arausiaca</strong></span> <span class='ocrx_word' id='word_1_296' title='bbox 3930 3992 4304 4074; x_wconf 75' lang='lat' dir='ltr'><strong>intercessit,</strong></span> <span class='ocrx_word' id='word_1_297' title='bbox 4350 4013 4453 4058; x_wconf 87' lang='lat' dir='ltr'><strong>ue-</strong></span> 
     </span>
     <span class='ocr_line' id='line_1_34' title="bbox 1509 4094 4454 4185; baseline 0 -25"><span class='ocrx_word' id='word_1_298' title='bbox 1509 4094 1904 4183; x_wconf 85' lang='lat' dir='ltr'><strong>cessitudine,</strong></span> <span class='ocrx_word' id='word_1_299' title='bbox 1973 4105 2241 4182; x_wconf 88' lang='lat' dir='ltr'><strong>spectata</strong></span> <span class='ocrx_word' id='word_1_300' title='bbox 2307 4097 2629 4185; x_wconf 88' lang='lat' dir='ltr'><strong>praecipue</strong></span> <span class='ocrx_word' id='word_1_301' title='bbox 2692 4099 2760 4162; x_wconf 88' lang='lat' dir='ltr'><strong>in</strong></span> <span class='ocrx_word' id='word_1_302' title='bbox 2826 4097 3049 4162; x_wconf 84' lang='lat' dir='ltr'><strong>studiis</strong></span> <span class='ocrx_word' id='word_1_303' title='bbox 3114 4098 3507 4183; x_wconf 88' lang='lat' dir='ltr'><strong>Principum,</strong></span> <span class='ocrx_word' id='word_1_304' title='bbox 3574 4096 3783 4162; x_wconf 87' lang='lat' dir='ltr'><strong>habita</strong></span> <span class='ocrx_word' id='word_1_305' title='bbox 3845 4095 4069 4162; x_wconf 88' lang='lat' dir='ltr'><strong>Leidae</strong></span> <span class='ocrx_word' id='word_1_306' title='bbox 4110 4118 4167 4162; x_wconf 87' lang='lat' dir='ltr'><strong>a.</strong></span> <span class='ocrx_word' id='word_1_307' title='bbox 4214 4094 4277 4162; x_wconf 92' lang='lat' dir='ltr'><strong>d.</strong></span> <span class='ocrx_word' id='word_1_308' title='bbox 4320 4113 4454 4162; x_wconf 69' lang='grc' dir='ltr'><strong>ππ</strong></span> 
     </span>
     <span class='ocr_line' id='line_1_35' title="bbox 1510 4195 4453 4286; baseline -0.001 -23"><span class='ocrx_word' id='word_1_309' title='bbox 1510 4195 1820 4263; x_wconf 80' lang='lat' dir='ltr'><strong>Februarii</strong></span> <span class='ocrx_word' id='word_1_310' title='bbox 1885 4198 2108 4262; x_wconf 87' lang='lat' dir='ltr'><strong>mensis</strong></span> <span class='ocrx_word' id='word_1_311' title='bbox 2173 4222 2228 4264; x_wconf 89' lang='lat' dir='ltr'><strong>a.</strong></span> <span class='ocrx_word' id='word_1_312' title='bbox 2287 4217 2729 4278; x_wconf 75' lang='lat' dir='ltr'><strong>uncccxmx,</strong></span> <span class='ocrx_word' id='word_1_313' title='bbox 2814 4221 2936 4284; x_wconf 88' lang='lat' dir='ltr'><strong>quo</strong></span> <span class='ocrx_word' id='word_1_314' title='bbox 3003 4197 3104 4263; x_wconf 92' lang='lat' dir='ltr'><strong>die</strong></span> <span class='ocrx_word' id='word_1_315' title='bbox 3171 4198 3602 4286; x_wconf 83' lang='lat' dir='ltr'><strong>Magistratum</strong></span> <span class='ocrx_word' id='word_1_316' title='bbox 3665 4199 4073 4266; x_wconf 85' lang='lat' dir='ltr'><strong>academicum</strong></span> <span class='ocrx_word' id='word_1_317' title='bbox 4146 4197 4453 4286; x_wconf 82' lang='lat' dir='ltr'><strong>deposuit.</strong></span> 
     </span>
     <span class='ocr_line' id='line_1_36' title="bbox 1508 4295 4244 4390; baseline 0.001 -25"><span class='ocrx_word' id='word_1_318' title='bbox 1508 4298 1786 4366; x_wconf 87' lang='lat' dir='ltr'><strong>Accessit</strong></span> <span class='ocrx_word' id='word_1_319' title='bbox 1829 4301 2166 4366; x_wconf 82' lang='lat' dir='ltr'><strong>Annotatio</strong></span> <span class='ocrx_word' id='word_1_320' title='bbox 2206 4301 2517 4366; x_wconf 85' lang='lat' dir='ltr'><strong>historica.</strong></span> <span class='ocrx_word' id='word_1_321' title='bbox 2607 4295 2859 4382; x_wconf 87' lang='lat' dir='ltr'><strong>Leidae,</strong></span> <span class='ocrx_word' id='word_1_322' title='bbox 2924 4299 3008 4367; x_wconf 88' lang='lat' dir='ltr'><strong>H.</strong></span> <span class='ocrx_word' id='word_1_323' title='bbox 3056 4299 3157 4366; x_wconf 84' lang='lat' dir='ltr'><strong>W.</strong></span> <span class='ocrx_word' id='word_1_324' title='bbox 3206 4300 3563 4390; x_wconf 86' lang='lat' dir='ltr'><strong>Hazenberg</strong></span> <span class='ocrx_word' id='word_1_325' title='bbox 3604 4310 3669 4370; x_wconf 87' lang='lat' dir='ltr'><strong>et</strong></span> <span class='ocrx_word' id='word_1_326' title='bbox 3708 4301 3846 4370; x_wconf 87' lang='lat' dir='ltr'><strong>Soc.</strong></span> <span class='ocrx_word' id='word_1_327' title='bbox 3896 4305 4089 4368; x_wconf 82' lang='lat'><strong>1840.</strong></span> <span class='ocrx_word' id='word_1_328' title='bbox 4151 4303 4244 4367; x_wconf 82' lang='lat'><strong>8⁰.</strong></span> 
     </span>
    </p>

    <p class='ocr_par' dir='ltr' id='par_1_17' title="bbox 1595 4401 3394 4471">
     <span class='ocr_line' id='line_1_37' title="bbox 1595 4401 3394 4471; baseline 0.002 -3"><span class='ocrx_word' id='word_1_329' title='bbox 1595 4403 1828 4468; x_wconf 84' lang='lat' dir='ltr'><strong>Recusa</strong></span> <span class='ocrx_word' id='word_1_330' title='bbox 1871 4424 1927 4468; x_wconf 90' lang='lat' dir='ltr'><strong>a.</strong></span> <span class='ocrx_word' id='word_1_331' title='bbox 1980 4405 2142 4468; x_wconf 84' lang='grc'><strong>1841</strong></span> <span class='ocrx_word' id='word_1_332' title='bbox 2193 4403 2260 4468; x_wconf 91' lang='lat' dir='ltr'><strong>in</strong></span> <span class='ocrx_word' id='word_1_333' title='bbox 2303 4401 2647 4470; x_wconf 87' lang='lat' dir='ltr'><strong>Annalibus</strong></span> <span class='ocrx_word' id='word_1_334' title='bbox 2692 4402 2884 4469; x_wconf 87' lang='lat' dir='ltr'><strong>Acad.</strong></span> <span class='ocrx_word' id='word_1_335' title='bbox 2933 4405 3394 4471; x_wconf 77' lang='lat'><strong>1838—1839.</strong></span> 
     </span>
    </p>

    <p class='ocr_par' dir='ltr' id='par_1_18' title="bbox 1422 4503 4453 4595">
     <span class='ocr_line' id='line_1_38' title="bbox 1422 4503 4453 4595; baseline 0 -23"><span class='ocrx_word' id='word_1_336' title='bbox 1422 4505 1634 4572; x_wconf 86' lang='lat' dir='ltr'><strong>Oratio</strong></span> <span class='ocrx_word' id='word_1_337' title='bbox 1695 4504 2070 4572; x_wconf 86' lang='lat' dir='ltr'><strong>Prorectoris</strong></span> <span class='ocrx_word' id='word_1_338' title='bbox 2129 4506 2435 4595; x_wconf 86' lang='lat' dir='ltr'><strong>magnifici</strong></span> <span class='ocrx_word' id='word_1_339' title='bbox 2496 4505 2579 4572; x_wconf 90' lang='lat' dir='ltr'><strong>P.</strong></span> <span class='ocrx_word' id='word_1_340' title='bbox 2627 4507 2893 4592; x_wconf 72' lang='lat' dir='ltr'><strong>Hqfiaaa</strong></span> <span class='ocrx_word' id='word_1_341' title='bbox 2938 4504 3325 4589; x_wconf 77' lang='lat' dir='ltr'><strong>Peerlkamp,</strong></span> <span class='ocrx_word' id='word_1_342' title='bbox 3378 4505 3620 4592; x_wconf 84' lang='lat' dir='ltr'><strong>publice</strong></span> <span class='ocrx_word' id='word_1_343' title='bbox 3683 4504 3895 4572; x_wconf 83' lang='lat' dir='ltr'><strong>habita</strong></span> <span class='ocrx_word' id='word_1_344' title='bbox 3948 4527 4005 4572; x_wconf 87' lang='lat' dir='ltr'><strong>a.</strong></span> <span class='ocrx_word' id='word_1_345' title='bbox 4052 4504 4114 4571; x_wconf 83' lang='lat' dir='ltr'><strong>d.</strong></span> <span class='ocrx_word' id='word_1_346' title='bbox 4174 4505 4260 4570; x_wconf 86' lang='grc'><strong>21</strong></span> <span class='ocrx_word' id='word_1_347' title='bbox 4306 4503 4453 4593; x_wconf 86' lang='lat' dir='ltr'><strong>Sep—</strong></span> 
     </span>
    </p>

    <p class='ocr_par' dir='ltr' id='par_1_19' title="bbox 1508 4607 4455 4779">
     <span class='ocr_line' id='line_1_39' title="bbox 1508 4607 4455 4698; baseline 0 -24"><span class='ocrx_word' id='word_1_348' title='bbox 1508 4607 1758 4674; x_wconf 87' lang='lat' dir='ltr'><strong>tembris</strong></span> <span class='ocrx_word' id='word_1_349' title='bbox 1785 4612 1983 4690; x_wconf 77' lang='lat'><strong>1839,</strong></span> <span class='ocrx_word' id='word_1_350' title='bbox 2017 4631 2140 4698; x_wconf 85' lang='lat' dir='ltr'><strong>quo</strong></span> <span class='ocrx_word' id='word_1_351' title='bbox 2168 4611 2269 4676; x_wconf 90' lang='lat' dir='ltr'><strong>die</strong></span> <span class='ocrx_word' id='word_1_352' title='bbox 2298 4608 2597 4677; x_wconf 73' lang='lat' dir='ltr'><strong>Vexillum</strong></span> <span class='ocrx_word' id='word_1_353' title='bbox 2635 4609 2899 4674; x_wconf 84' lang='lat' dir='ltr'><strong>militum</strong></span> <span class='ocrx_word' id='word_1_354' title='bbox 2922 4608 3403 4674; x_wconf 86' lang='lat' dir='ltr'><strong>academicorum</strong></span> <span class='ocrx_word' id='word_1_355' title='bbox 3430 4609 3497 4674; x_wconf 89' lang='lat' dir='ltr'><strong>iu</strong></span> <span class='ocrx_word' id='word_1_356' title='bbox 3521 4607 3816 4675; x_wconf 88' lang='lat' dir='ltr'><strong>Senaculo</strong></span> <span class='ocrx_word' id='word_1_357' title='bbox 3850 4608 4185 4696; x_wconf 87' lang='lat' dir='ltr'><strong>repositum</strong></span> <span class='ocrx_word' id='word_1_358' title='bbox 4206 4616 4319 4676; x_wconf 82' lang='lat' dir='ltr'><strong>est.</strong></span> <span class='ocrx_word' id='word_1_359' title='bbox 4354 4610 4455 4674; x_wconf 84' lang='lat'><strong>4⁰.</strong></span> 
     </span>
     <span class='ocr_line' id='line_1_40' title="bbox 1597 4709 2993 4779; baseline 0.001 -2"><span class='ocrx_word' id='word_1_360' title='bbox 1597 4710 1676 4777; x_wconf 89' lang='lat' dir='ltr'><strong>Iu</strong></span> <span class='ocrx_word' id='word_1_361' title='bbox 1721 4709 2060 4776; x_wconf 86' lang='lat' dir='ltr'><strong>Annalibus</strong></span> <span class='ocrx_word' id='word_1_362' title='bbox 2105 4711 2488 4778; x_wconf 82' lang='lat' dir='ltr'><strong>Academicis</strong></span> <span class='ocrx_word' id='word_1_363' title='bbox 2534 4711 2993 4779; x_wconf 71' lang='lat' dir='ltr'><strong>Isso—1840.</strong></span> 
     </span>
    </p>
   </div>
   <div class='ocr_carea' id='block_1_3' title="bbox 4891 4357 4899 5714">
    <p class='ocr_par' dir='ltr' id='par_1_20' title="bbox 4891 4357 4899 5714">
     <span class='ocr_line' id='line_1_41' title="bbox 4891 4357 4899 5714; baseline 0 0"><span class='ocrx_word' id='word_1_364' title='bbox 4891 4357 4899 5714; x_wconf 95' lang='lat' dir='ltr'><strong> </strong></span> 
     </span>
    </p>
   </div>
  </div>
 </body>
</html>
