4942 6175
1828 671 2369 743 ORATIO.
3235 708 3238 714 ·
3485 675 3612 743 151

552 883 847 962 scholae
910 879 1341 958 differentiae
1410 879 1617 954 notis.
1726 881 1931 960 Quin
1998 905 2229 960 vereor
2272 907 2363 958 ne
2406 884 2536 959 hac
2579 885 2669 960 de
2725 909 2798 960 re
2859 885 3108 984 longus
3155 884 3370 959 fuisse
3419 884 3614 962 vobis

576 1004 767 1080 vim
820 1001 975 1079 sim.
1098 1001 1259 1078 Hoc
1330 1003 1569 1076 autem
1628 1003 1989 1078 ostendere
2048 1015 2196 1080 erat
2254 1004 2724 1104 propositum,
2777 1030 2916 1080 non
2963 1030 3087 1105 pro
3153 1005 3422 1094 lubitu,
3473 1029 3610 1079 non

560 1124 847 1200 suvibus
896 1123 987 1199 de
1025 1122 1255 1198 causis
1296 1145 1506 1210 eum,
1554 1121 1678 1220 qui
1722 1130 2029 1198 veterum
2070 1149 2277 1223 opere
2312 1126 2539 1225 legere
2588 1125 2941 1216 didicerit,
2993 1127 3196 1226 longe
3229 1126 3610 1201 maximam

558 1261 847 1353 partem
908 1252 1239 1328 librorum
1306 1249 1719 1348 Hippocrati
1782 1251 2201 1326 tributorum
2258 1250 2431 1324 falso
2489 1250 2590 1324 illi
2657 1248 2872 1323 tribui
2943 1247 3387 1335 contendere;
3455 1269 3612 1320 eam

560 1395 743 1449 vero
800 1395 948 1447 rem
1009 1369 1462 1444 demonstrari
1522 1367 1794 1443 indiciis
1864 1377 2008 1445 tam
2064 1370 2547 1457 evidentiffbus
2596 1379 2678 1443 ut
2721 1368 3042 1443 dubitare
3098 1392 3301 1442 nemo
3351 1366 3610 1466 possit,

564 1492 715 1567 misi
758 1491 881 1591 qui
936 1490 1011 1565 in
1048 1489 1269 1588 plena
1314 1488 1467 1562 luce
1514 1489 1875 1566 coeoutiat.
1975 1491 2085 1564 De
2143 1514 2281 1565 una
2326 1497 2562 1566 autem
2611 1513 2725 1577 re,
2777 1511 2956 1587 quae
3002 1488 3076 1561 in
3127 1487 3396 1586 scriptis
3443 1486 3607 1559 Gni-

564 1611 715 1686 2diis
752 1617 1036 1708 apparet
1055 1667 1075 1697 ,
1127 1617 1477 1708 praeterea
1522 1633 1801 1684 monere
1842 1617 1949 1683 est
1992 1633 2237 1707 operae
2288 1609 2587 1709 pretium
2611 1669 2630 1699 ,
2685 1609 2850 1707 quia
2895 1607 3261 1682 coniuncta
3307 1615 3416 1680 est
3449 1631 3610 1680 cum

558 1730 767 1810 omni
844 1727 1255 1804 eruditionis
1318 1729 1610 1806 istorum
1676 1737 1747 1803 et
1814 1729 2277 1828 sophistarum
2340 1727 2625 1804 ratione.
2737 1726 3159 1801 Meministis
3221 1751 3332 1800 me
3407 1726 3611 1824 paulo

556 1861 741 1926 anto
783 1873 1061 1925 narrare
1107 1848 1609 1948 Hippocratem
1659 1849 1908 1924 vidisse
1951 1847 2586 1926 ἕπιδιασκούασιν
2631 1847 3127 1922 sententiarum
3179 1846 3607 1921 Cnidiarum.

576 1969 741 2044 Non
800 1969 1005 2067 longe
1054 1993 1097 2043 a
1148 1991 1312 2043 vero
1344 1967 1763 2055 ‚aberravero
1784 2028 1805 2059 ,
1872 1971 1933 2044 si
1986 1971 2221 2045 dixero
2241 2028 2261 2058 ,
2311 1968 2954 2046 ἕπιὸιασκεύασιν
3001 1965 3344 2042 eiusmodi
3387 1967 3462 2040 id
3509 1989 3612 2039 re·

558 2088 751 2164 {ferre
767 2147 789 2178 ,
845 2087 1038 2187 quod
1086 2112 1219 2166 nos
1287 2087 1718 2187 appellamus
1780 2089 2156 2165 editionem
2222 2090 2598 2166 auctiorem
2663 2097 2740 2162 et
2787 2087 3356 2162 emendatiorem.
3460 2087 3612 2159 Iam

556 2231 737 2283 *vero
798 2232 838 2282 e
904 2207 1137 2283 sehola
1202 2207 1456 2282 Cnidia
1498 2208 1658 2284 libri
1696 2209 2011 2309 plerique
2064 2211 2469 2311 superstites
2528 2219 2698 2283 sunt
2739 2209 2884 2282 fere
2935 2207 3400 2305 antiquiorum
3455 2205 3615 2280 scri·

576 2335 853 2427 ptorum
912 2325 1606 2414 ἐπιδιασκευάσεις.
1707 2329 2119 2403 Praesertim
2161 2339 2395 2403 autem
2436 2327 2782 2427 sophistae
2824 2327 3104 2416 fuerunt
3125 2385 3142 2413 ,
3195 2326 3318 2424 qui
3362 2325 3610 2425 practi-

581 2467 823 2526 oormn
870 2447 1278 2521 Cnidiorum
1328 2457 1633 2522 veterum
1678 2449 1931 2547 partim
1980 2447 2575 2524 observationibus
2599 2506 2620 2536 ,
2671 2447 2922 2547 partim
2967 2445 3250 2521 monitis
3293 2445 3609 2543 practicis

564 2565 1175 2667 philosophemata
1230 2567 1571 2665 quaedam
1636 2567 2009 2657 adderent,
2058 2569 2159 2643 ita
2229 2577 2307 2644 ut
2352 2568 2490 2642 iliis
2535 2568 2816 2644 socedat
2865 2567 3286 2640 elementum
3332 2565 3615 2664 dogma-

566 2685 839 2775 tinum,
892 2687 985 2761 de
1036 2710 1179 2787 quo
1210 2686 1453 2764 Cnidii
1497 2688 1769 2786 antiqui
1812 2713 1903 2764 ne
1956 2687 2227 2764 somnio
2268 2688 2556 2788 quidem
2603 2687 3104 2786 cogitaverunt.

647 2806 791 2899 De
856 2805 1007 2939 ipsa
1052 2829 1221 2881 vero
1278 2806 1689 2882 Cnidiorum
1746 2817 1895 2882 arte
1953 2809 2092 2884 iam
2160 2808 2427 2883 videam
2438 2831 2538 2882 us.
2653 2804 3094 2903 chirurgiam
3151 2827 3267 2878 eos
3326 2801 3618 2877 coluisse

560 2922 1063 3022 unusquisque
1121 2923 1485 3024 intelligit;
1554 2925 1679 2999 sed
1740 2925 1913 3023 quid
1972 2926 2099 3002 hae
2164 2926 2236 3000 in
2284 2951 2360 3000 re
2416 2925 2550 3000 iliis
2611 2925 2968 3024 proprium
3035 2903 3285 3011 fuerit,
3338 2923 3611 2998 difficile

568 3041 777 3118 dictu
828 3053 935 3119 est
987 3050 1264 3144 propter
1309 3053 1917 3121 monumentorum
1970 3045 2354 3145 penuriam.
2455 3045 2542 3118 In
2581 3054 2730 3119 arte
2773 3041 3169 3117 obstetricia
3215 3052 3354 3117 tam
3407 3041 3613 3116 rudes

560 3164 1157 3244 ‹commendarunt
1214 3165 1579 3241 methodos
1600 3224 1620 3254 ,
1696 3174 1773 3240 ut
1834 3166 1987 3264 ipsa
2040 3165 2421 3264 antiquitas
2472 3190 2592 3240 eas
2655 3164 3018 3239 damnaret
3067 3172 3142 3236 et
3176 3186 3361 3237 nunc
3403 3161 3549 3237 de
3531 3162 3616 3236 iis

579 3282 769 3383 ioqui
832 3283 1070 3362 nolim.
1192 3285 1319 3361 Sat
1378 3286 1634 3365 multos
1697 3286 1875 3361 uteri
1914 3286 2219 3394 ,morbos
2282 3285 2793 3374 distinxerunt,
2859 3284 2932 3358 in
3001 3307 3298 3382 quorum
3367 3282 3618 3357 descri-

578 3404 937 3502 ptionibus
1004 3405 1299 3479 eandem
1362 3406 1803 3505 agnoscimus
1858 3408 2263 3483 methodum
2305 3406 2768 3506 nosologioam
2791 3464 2812 3494 ,
2864 3429 3076 3503 quam
3125 3406 3198 3477 in
3241 3412 3620 3478 ceterorum

582 3523 980 3599 morborum
1046 3523 1505 3622 descriptione
1584 3536 1750 3601 sunt
1814 3526 2032 3600 secuti
2096 3534 2167 3604 et
2234 3527 2441 3600 euius
2499 3524 2835 3601 rationem
2911 3522 3214 3596 breviter
3276 3544 3614 3619 exponere

584 3640 908 3715 conabor.

684 3758 921 3837 ouidii
962 3758 1239 3835 morbos
1290 3760 1744 3836 observarunt
1793 3762 2081 3861 quidem
2128 3762 2535 3861 diligenter,
2587 3762 2710 3837 sed
2749 3784 2996 3860 parum
3032 3759 3341 3834 sollerter
3377 3782 3615 3833 eorum

586 3879 787 3977 signa
841 3878 1025 3953 inter
1070 3904 1151 3957 se
1196 3880 1696 3980 expenderunt.
1795 3882 2039 3957 Certos
2092 3883 2309 3981 igitur
2360 3906 2603 3958 eorum
2655 3880 2942 3981 quidem
2987 3879 3132 3954 sive
3175 3888 3384 3978 typos
3403 3937 3423 3967 ,
3471 3878 3614 3952 sive

588 3997 855 4097 species
890 3998 1249 4098 :appellare
1282 4000 1450 4075 ¹reiis
1468 4058 1491 4089 ,
1530 4000 1677 4075 sibi
1716 4010 2295 4091 construxerunt,
2348 4002 2471 4077 sed
2510 4026 2690 4102 quae
2720 4026 2888 4077 eum
2933 4024 3162 4075 rerum
3195 4008 3446 4075 natura
3481 4023 3619 4073 non

578 4119 795 4219 plane
853 4129 1341 4218 congruerent,
1406 4122 1575 4220 quie
1630 4122 1905 4198 morbos
1953 4145 2203 4222 parum
2240 4130 2423 4197 reete
2468 4121 2971 4219 intelligebant.
3072 4123 3316 4219 Itaque
3359 4120 3621 4195 factam

590 4247 698 4313 est
764 4246 845 4314 ut
896 4262 951 4313 ιι
1020 4240 1239 4339 signis
1297 4240 1643 4331 fortuitis,
1694 4264 1821 4318 nec
1863 4244 2031 4318 satis
2076 4242 2556 4317 constantibus
2605 4241 3022 4316 discriminis
3065 4251 3270 4315 notas
3310 4248 3620 4338 petentes

592 4357 773 4431 male
840 4360 1237 4435 morborum
1302 4360 1565 4459 speeies
1610 4360 2141 4461 distinguerent.
2246 4361 2448 4435 Unde
2497 4371 2700 4436 natae
2751 4371 2916 4437 sunt
2963 4361 3456 4437 delineationes
3509 4384 3622 4435 va-

590 4474 923 4553 letudmie
969 4502 1348 4577 generum,
1396 4502 1573 4578 quas
1626 4502 1836 4579 saepe
1872 4504 2013 4557 nou
2055 4480 2538 4579 intelhgimus.
2639 4480 3016 4580 Nosologia
3054 4479 3394 4612 quaedam
3443 4504 3621 4554 erro-

584 4615 723 4671 ‘ne'a
766 4620 853 4671 ex
902 4597 1151 4673 vitiosa
1208 4600 1327 4675 iila
1364 4598 1775 4675 obseruandi
1822 4601 2155 4677 methodo
2214 4601 2518 4689 exstitit,
2561 4601 2766 4676 euius
2806 4609 2884 4673 et
2921 4599 3258 4698 originem
3303 4608 3379 4672 et
3419 4600 3622 4674 ratio-

582 4738 755 4791 nem·
798 4738 1079 4794 omnem
1124 4717 1197 4792 et
1244 4718 1375 4794 rite
1415 4721 1797 4818 perspexit,
1842 4720 1917 4796 ὀι
1963 4722 2115 4797 iure
2162 4722 2566 4821 perstrinxit
2612 4721 3092 4821 Hippocrates.

678 4836 905 4917 Quod
978 4836 1233 4915 minet
1296 4840 1389 4915 ad
1450 4839 1872 4941 therape'nm
1896 4898 1917 4932 ,
1978 4842 2111 4918 tria
2176 4840 2389 4917 fuisse
2458 4840 2818 4930 videntur,
2879 4840 2954 4915 in
3007 4839 3271 4939 quibus
3325 4841 3622 4915 maxime
