4942 6175
1425 660 1556 727 124
2458 658 2729 724 ACTA
2802 657 2913 723 IN
2980 656 3430 726 SENATU.

1765 863 2012 941 Virum
2099 865 2601 941 Doctissimum
2692 865 2785 942 N.
2872 865 3085 939 Beets
3152 865 3447 942 contulit
3530 862 3714 942 Clar.
3792 864 3969 939 Brill
3990 922 4012 954 ‚
4078 864 4154 940 in
4222 866 4469 944 Virum

1763 984 2331 1063 Eruditissimum
2405 986 2466 1059 I.
2522 986 2619 1061 Η.
2668 984 2943 1083 Hisgen
3018 984 3199 1062 Olar.
3276 986 3577 1073 Rovem,
3640 983 3713 1057 iu
3771 983 4017 1059 Virum
4094 986 4467 1085 Experien-

1754 1104 2106 1180 tissimum
2155 1104 2246 1179 A.
2299 1105 2382 1180 0.
2437 1130 2567 1181 van
2620 1105 2971 1193 Woerden
3024 1105 3207 1181 Clar.
3258 1107 3520 1204 Loncq.

1417 1224 1551 1299 Die
1600 1228 1694 1299 20
1744 1249 1840 1300 m.
1891 1224 2098 1299 Iunii.
2199 1224 2456 1301 Rector
2520 1251 2682 1301 cum
2746 1226 3011 1301 Senatu
3060 1225 3525 1301 communicat
3572 1224 3935 1324 epistolam
3956 1282 3977 1312 ‚
4045 1223 4135 1300 ab
4187 1228 4463 1325 amplis·

1757 1345 1950 1419 simis
2001 1344 2420 1421 Academiae
2467 1347 2927 1421 Curatoribus
2961 1346 3052 1422 ad
3100 1346 3441 1423 Senatum
3484 1344 3721 1421 datam
3742 1402 3763 1431 ,
3812 1368 3953 1442 qua
4000 1344 4459 1443 significatur,

1755 1466 2010 1540 Ianum
2047 1466 2162 1563 ‚de
2228 1466 2490 1566 Kruyff
2542 1468 3001 1567 apparitorem
3065 1467 3561 1543 Academicum
3584 1523 3605 1554 ‚
3670 1464 4041 1540 honorifice
4091 1490 4243 1539 esse
4294 1466 4465 1541 rude

1755 1585 2092 1661 donatum
2112 1644 2133 1675 ,
2182 1586 2385 1685 eique
2429 1611 2893 1663 successorem
2941 1590 3182 1664 datum
3234 1611 3385 1663 esse
3432 1584 3801 1661 Nicolaum
3848 1586 4124 1661 lansen.

1414 1704 1550 1779 Die
1599 1707 1693 1779 26
1741 1730 1836 1779 m.
1893 1706 2342 1804 Septembris,
2443 1706 2560 1780 Ad
2606 1705 2939 1781 Senatum
2972 1704 3177 1779 refert
3211 1706 3503 1791 Rector,
3546 1726 3621 1777 se
3652 1726 3793 1777 una
3824 1726 3985 1777 cum
4018 1703 4463 1803 Graphiario,

1757 1822 2132 1899 salutatum
2187 1834 2398 1923 atque
2443 1824 2869 1923 gratulatum
2891 1881 2912 1911 ‚
2964 1823 3263 1897 Senatus
3304 1824 3585 1898 nomine
3608 1880 3627 1909 ‚
3674 1822 3927 1897 adiisse
3966 1822 4171 1897 Viros
4217 1822 4462 1899 Claris-

1753 1946 1962 2019 simos
2025 1945 2413 2019 Gerardum
2480 1946 2865 2021 Iohannem
2926 1944 3210 2020 Mulder
3270 1951 3343 2018 et
3396 1942 3842 2019 Gosewinum
3888 1943 4141 2018 Ianum
4189 1944 4422 2043 Loncq
4440 2002 4461 2033 ‚

1759 2089 2058 2163 quorum
2109 2064 2224 2139 ille
2286 2066 2568 2165 quidem
2618 2066 2730 2141 die
2778 2066 2990 2141 huius
3034 2066 3295 2141 mensis
3344 2067 3475 2153 16,
3528 2062 3639 2138 hic
3684 2086 3843 2138 vero
3899 2063 4013 2139 die
4066 2066 4161 2138 23
4208 2088 4461 2140 memo·

1755 2185 1930 2259 riam
1979 2184 2349 2260 celebravit
2404 2186 2711 2259 muneris
2764 2185 3164 2261 Academici
3226 2210 3349 2283 per
3397 2183 3711 2283 quinque
3760 2183 3979 2258 lustra
4042 2207 4255 2283 quam
4320 2184 4461 2259 feli-

1755 2303 2028 2379 cissime
2095 2312 2182 2377 ·et
2256 2304 2940 2379 honorificentissime
3013 2304 3216 2403 gesti.
3336 2304 3721 2401 Utriusque
3796 2302 3925 2377 viri
3994 2305 4275 2379 nomine
4344 2330 4461 2404 pro

1755 2424 2008 2498 honore
2060 2422 2195 2496 sibi
2247 2422 2511 2498 tributo
2529 2481 2549 2513 ‚
2599 2424 2863 2522 gratiae
2912 2424 3201 2499 Senatui
3248 2432 3575 2523 aguntur.

1411 2542 1546 2619 Die
1599 2548 1693 2617 14
1739 2568 1836 2619 m.
1885 2543 2267 2618 Februarii.
2371 2528 2847 2641 Designantur
2910 2550 3213 2641 quatuor
3279 2541 3643 2617 Senatores
3662 2600 3685 2630 ,
3750 2567 3791 2616 e
3850 2542 4111 2641 quibus
4170 2568 4215 2619 a
4275 2545 4461 2643 Rege

1749 2662 2246 2761 augustissimo
2293 2662 2549 2737 Rector
2595 2661 2667 2735 in
2720 2662 3113 2761 proximum
3162 2685 3427 2737 annum
3476 2662 3810 2761 eligatur:

1899 2784 2008 2857 Ex
2059 2781 2324 2856 Ordine
2372 2782 2762 2856 Literarum
3050 2780 3177 2855 Vir
3226 2781 3406 2857 Clar.
3458 2780 3559 2857 H.
3612 2783 3694 2858 0.
3747 2782 4027 2859 Minius.

2202 2930 2238 2971 ιι
2375 2901 2810 2976 Medicorum
3104 2930 3143 2973 ιι
3302 2931 3339 2971 n
3467 2904 3555 2978 G.
3606 2902 3886 2978 Koster.

2193 3051 2230 3092 ιι
2363 3020 3024 3098 Mathematicorum
3104 3052 3140 3094 ιι
3300 3051 3336 3092 u
3463 3024 3568 3099 M.
3624 3023 3853 3100 Hoek.

2193 3172 2229 3211 ιι
2364 3142 2872 3240 Theologorum
3103 3173 3139 3213 ιι
3302 3173 3337 3213 ιι
3467 3145 3530 3220 Ι.
3584 3146 3641 3220 Ι.
3697 3168 3823 3219 van
3876 3145 4267 3220 Oosterzee.

1847 3261 2324 3362 Designantur
2405 3263 2659 3337 deinde
2730 3272 3067 3362 quatuor,
3144 3290 3184 3338 e
3260 3265 3521 3364 quibus
3593 3265 3667 3337 in
3740 3264 4131 3363 proximum
4210 3291 4461 3340 annum

1751 3381 2050 3484 eligatur
2099 3383 2396 3457 Senatus
2446 3383 2933 3482 Graphiarius:

1893 3502 2002 3578 Ex
2050 3503 2316 3579 Ordine
2366 3503 3000 3578 Iureconsultorum
3053 3501 3181 3590 Vir
3229 3502 3410 3580 Clar.
3462 3505 3551 3578 Ο.
3607 3529 3737 3578 van
3788 3505 3993 3581 Rees.

2193 3653 2230 3693 ιι
2363 3624 2823 3698 Literatorum
3104 3654 3140 3694 u
3300 3655 3337 3694 ιι
3468 3625 3557 3699 G.
3608 3626 3697 3698 G.
3748 3624 3941 3728 Brill.

2197 3773 2233 3812 ιι
2367 3743 2801 3818 Medicorum
3104 3775 3141 3815 ιι
3300 3775 3339 3818 n
3466 3745 3555 3820 G.
3606 3743 3890 3820 Koster.

2200 3891 2236 3930 ιι
2369 3861 3025 3936 Mathematicorum
3105 3893 3142 3932 ιι
3200 3970 3205 3974 ⁴
3302 3892 3338 3962 ρ
3469 3864 3548 3939 F.
3600 3867 3687 3940 A.
3738 3866 3831 3940 G.
3886 3865 4180 3964 Miquel.

1852 3979 2250 4052 Assessores
2302 3979 2585 4055 tandem
2633 3981 3121 4057 nominanturz

1899 4097 2008 4171 Ex
2059 4097 2324 4171 Ordine
2375 4099 2808 4175 Medicorum
2870 4133 2877 4140 ·
3054 4102 3180 4175 Vir
3228 4101 3408 4180 Clar.
3461 4103 3551 4178 G.
3576 4105 3663 4186 ,1.
3714 4103 3975 4204 Loncq.

1960 4245 1995 4286 ιι
2203 4243 2240 4283 ιι
2369 4217 3027 4295 Mathematicorum
3104 4249 3141 4290 ιι
3300 4251 3339 4292 ιι
3468 4222 3549 4297 P.
3600 4222 3929 4322 Harting.

1958 4364 1996 4406 ιι
2201 4363 2238 4403 ιι
2372 4335 2875 4434 Theologorum
3108 4368 3144 4408 ιι
3300 4369 3339 4408 u
3465 4341 3549 4416 B.
3598 4341 3735 4415 Ter
3783 4341 3996 4416 Haar.

2197 4486 2233 4526 u
2367 4458 2999 4534 Iureconsultorum
3100 4489 3137 4528 ιι
3294 4489 3331 4529 ιι
3455 4461 3543 4536 Β.
3597 4463 3654 4537 Ι.
3706 4460 3981 4536 Lintelo
4028 4459 4119 4534 de
4167 4461 4361 4534 Geer.
