4942 6175
1840 684 2392 757 ORATIO.
3596 687 3639 755 9

691 893 808 968 Ad
879 836 1434 969 confirmandam·
1489 892 1874 967 libertatem
1948 918 2111 969 cura
2175 904 2246 969 et
2315 895 2775 971 sollicitudine
2844 896 3066 971 soluta
3135 920 3332 971 mens
3383 894 3631 969 docen-

593 1014 772 1087 tium
793 1072 811 1101 ‚
874 1021 953 1088 ut
1000 1013 1074 1087 in
1127 1037 1254 1087 sua
1305 1012 1601 1110 quisque
1657 1010 2016 1111 disciplina
2062 1014 2202 1090 sint
2249 1015 2398 1090 toti.
2501 1016 2949 1116 Prospectum
2998 1023 3104 1091 est
3153 1025 3230 1089 ut
3276 1013 3423 1089 sine
3472 1038 3637 1089 cura

597 1133 737 1208 sint
796 1143 869 1208 et
936 1133 1009 1207 in
1072 1156 1394 1232 praesens
1457 1138 1527 1204 et
1592 1130 1663 1203 in
1734 1131 2069 1208 futurum.
2168 1135 2620 1231 Prospectum
2670 1147 2778 1211 est
2828 1137 3035 1235 ipsis3
3086 1135 3435 1235 provisum
3488 1143 3635 1222 est,

597 1253 656 1327 si
709 1252 881 1351 quid
931 1253 1018 1327 iis
1061 1251 1424 1337 acciderit,
1475 1274 1563 1323 ne
1620 1257 1938 1325 metuant
1979 1252 2142 1327 suis.

699 1372 1026 1447 Discendi
1089 1370 1466 1444 constituta
1531 1368 1831 1445 libertae.
1935 1369 2177 1446 Discas
2235 1379 2357 1446 tuo
2410 1372 2783 1462 arbitratu,
2857 1365 2979 1448 ubi
3027 1374 3208 1448 voles
3229 1432 3249 1459 ,
3302 1372 3642 1471 quamdiu

603 1492 803 1565 voles.
908 1488 1207 1564 Dabitur
1254 1487 1564 1563 discendi
1616 1488 1957 1588 quidlibet
1999 1490 2557 1566 commodissima
2602 1491 2896 1569 facultas
2944 1500 3013 1567 et
3064 1492 3262 1591 copia
3284 1549 3307 1581 ,
3357 1491 3479 1566 sed
3519 1491 3643 1566 ubi

601 1610 920 1684 didiceris
982 1616 1106 1684 aut
1178 1608 1526 1708 quomodo
1571 1607 1891 1683 didiceris
1937 1634 2072 1684 non
2128 1608 2514 1685 laboratur=
2568 1611 2963 1688 demonstra
3009 1620 3079 1687 te
3121 1611 3195 1685 id
3244 1611 3413 1717 scire
3457 1612 3647 1711 quod

603 1729 953 1829 praedicas
1003 1728 1217 1827 idque
1267 1728 1434 1803 satis
1484 1735 1609 1804 est.

703 1849 818 1922 Sic
864 1848 1032 1923 alias
1087 1848 1483 1948 Kemperus
1529 1855 1822 1923 testatus
1870 1856 1976 1922 est
1996 1906 2014 1935 ,
2087 1872 2344 1947 nquam
2391 1848 2740 1925 liberalem
2760 1908 2781 1939 ,
2850 1859 2930 1924 ut
2974 1850 3215 1938 aiunt,
3266 1849 3490 1949 legem
3532 1874 3651 1923 ex-

608 1976 928 2067 torquere
989 1968 1364 2043 anteriores
1428 1954 1733 2043 conatus’·
1765 1992 1888 2067 per
1936 1991 2036 2041 xx
2083 1992 2298 2042 annos
2359 1993 2498 2043 non
2558 1969 2946 2067 potuissent
2968 2028 2988 2058 ‚
3048 1996 3198 2045 eam
3264 1969 3653 2045 liberalissi-

595 2090 797 2163 'mam
862 2097 1106 2186 sponte
1170 2088 1435 2186 Regem
1507 2087 2017 2162 constituisse.”
2115 2087 2493 2163 Licebatne
2555 2088 2654 2163 illi
2678 2148 2697 2178 ‚
2765 2090 2889 2189 qui
2942 2090 3040 2164 ita
3094 2090 3377 2165 sentiret
3428 2088 3653 2163 dicere

613 2209 730 2283 illo
801 2207 914 2282 die
987 2208 1076 2282 de
1146 2206 1330 2281 iusta
1383 2207 1682 2281 laetitiae
1727 2200 1935 2281 causa
1989 2216 2060 2281 et
2109 2207 2202 2281 ob
2253 2231 2334 2283 ea
2377 2233 2558 2307 quae
2601 2218 2754 2283 tum
2811 2209 3270 2298 tollebantur,
3322 2216 3393 2283 et
3435 2208 3526 2283 ob
3578 2232 3659 2282 ea

620 2352 799 2428 quae
855 2336 1009 2402 tum
1078 2325 1623 2401 instituebantur
1686 2328 1913 2400 nova?
1991 2326 2245 2400 Nonne
2295 2335 2590 2425 utraque
2636 2328 2725 2402 de
2762 2352 2970 2404 causa
3028 2328 3175 2403 dies
3214 2328 3335 2404 ille
3386 2336 3661 2403 aeterna

619 2446 944 2523 memoria
994 2446 1253 2545 dignus
1301 2445 1634 2544 appellari
1684 2444 1981 2518 debuit?

716 2567 979 2641 Verum
1031 2573 1228 2640 estne
1272 2564 1481 2639 etiam
1524 2564 1726 2637 nobis
1767 2588 1954 2637 nunc
2009 2564 2124 2637 ille
2169 2562 2316 2637 dies
2359 2564 2478 2638 illo
2524 2564 2805 2638 nomine
2854 2564 3361 2663 appellandus?
3433 2564 3663 2639 Nemo

620 2712 759 2761 non
822 2685 1082 2784 patriae
1141 2682 1308 2756 civis
1377 2681 1643 2755 exultat
1707 2681 1966 2781 gaudio
2027 2706 2318 2758 excusso
2385 2682 2647 2757 alienae
2696 2682 3184 2759 dominationis
3233 2684 3403 2783 iugo
3454 2683 3663 2757 etiam

624 2829 749 2879 sua
812 2803 1064 2877 virtute
1113 2808 1184 2875 et
1224 2800 1504 2875 viribus.
1605 2800 1787 2879 Quis
1841 2801 2104 2900 patriae
2147 2801 2349 2891 civis,
2401 2803 2517 2878 cui
2565 2802 2982 2878 Academica
3021 2802 3368 2878 institutio
3418 2828 3623 2879 curae
3646 2861 3665 2893 ‚

625 2948 761 2999 non
827 2922 1122 2997 laetatur
1181 2920 1453 2995 sublata
1507 2944 1658 2995 esse
1720 2921 2216 3022 impedimenta
2238 2981 2258 3012 ‚
2328 2922 2586 3022 quibus
2636 2921 2800 2997 olim
2848 2948 2889 2997 a
2953 2923 3333 3022 suspicioso
3376 2930 3671 3021 tyranno

627 3043 1086 3146 premebatur.
1187 3042 1423 3120 Quam
1462 3039 1912 3116 inflammatis
1955 3040 2202 3116 animis
2221 3100 2242 3130 ,
2291 3042 2671 3118 clarissimo
2714 3041 2801 3117 de
2854 3042 3059 3120 Vries
3101 3042 3307 3119 verba
3342 3041 3668 3131 faciente,

629 3161 1025 3239 memoriam
1093 3161 1452 3236 restitutae
1507 3170 1668 3235 ante
1739 3184 1960 3234 annos
2023 3159 2534 3259 quinquaginta
2594 3159 2856 3259 patriae
2926 3159 3263 3235 libertatis
3332 3160 3460 3234 hoc
3526 3159 3681 3260 ipso

638 3285 784 3358 loco
846 3279 1380 3356 celebravimus!
1473 3278 1738 3353 Verum
1797 3279 2046 3353 iterum
2117 3304 2372 3377 quaero
2395 3339 2416 3370 ,
2486 3289 2681 3353 estne
2746 3279 2955 3354 etiam
3004 3279 3207 3354 nobis
3263 3303 3450 3354 nunc
3500 3279 3681 3355 laeta

629 3429 738 3478 res
779 3426 916 3476 non
970 3408 1246 3475 tantum
1300 3398 1489 3474 illam
1542 3389 2046 3473 institutionem
2091 3423 2215 3498 per
2259 3424 2307 3473 x
2354 3399 2571 3475 lustra
2618 3399 2958 3498 viguisse,
3028 3398 3150 3474 sed
3196 3399 3405 3474 etiam
3459 3399 3679 3499 ipsam

638 3523 822 3597 illam
891 3519 1396 3595 institutionem
1466 3518 1587 3593 illo
1647 3525 1956 3617 tempore
2019 3517 2116 3592 sic
2173 3517 2386 3593 fuisse
2441 3520 2963 3618 comparatam?
3052 3519 3308 3596 Utrum
3366 3530 3552 3594 recte
3607 3529 3680 3594 et
3724 3585 3745 3602 ,

635 3665 786 3716 vere
851 3639 1130 3714 laudata
1178 3663 1221 3713 a
1270 3639 1624 3737 Kempero
1684 3645 1824 3725 est,
1876 3661 1966 3711 an
2018 3661 2214 3712 verae
2262 3646 2427 3713 sunt
2488 3639 2977 3712 nonnullorum
3032 3637 3311 3713 voculae
3358 3663 3437 3713 ac
3507 3663 3677 3736 que-

642 3762 819 3836 relae
862 3759 986 3858 qui
1028 3758 1322 3833 docendi
1377 3758 1828 3857 discendique
1878 3756 2263 3832 libertatem
2317 3782 2506 3832 nunc
2550 3764 2846 3856 poscunt
2897 3767 2968 3831 et
3009 3757 3239 3855 palam
3286 3756 3686 3856 praedicant

639 3905 822 3954 nunc
870 3877 1356 3953 Academicam
1399 3877 1906 3952 institutionem
1963 3902 2243 3977 prorsus
2287 3901 2425 3951 non
2471 3901 2627 3950 esse
2675 3875 2961 3950 liberam
3014 3875 3139 3950 sed
3188 3875 3478 3951 vinculis
3522 3901 3684 3952 con-

639 4001 945 4075 strictam
1005 4005 1077 4071 et
1133 3996 1223 4072 ad
1288 4005 1632 4072 certorum
1689 3996 2052 4071 hominum
2108 3997 2529 4072 voluntatem
2572 4004 2645 4070 et
2686 3995 3049 4070 arbitrium
3073 4054 3095 4086 ,
3148 4005 3504 4096 tamquam
3558 3999 3680 4072 ali-

641 4119 829 4219 quod
880 4115 1346 4214 monopolium
1367 4172 1388 4203 ,
1439 4115 2076 4190 accommodatam?

741 4240 852 4312 An
921 4236 1164 4310 fefellit
1219 4235 1652 4334 Kemperum
1715 4233 1950 4334 opinio
2016 4257 2237 4331 quum
2297 4256 2444 4307 rem
2493 4258 2537 4308 a
2582 4259 2656 4309 se
2700 4235 3070 4334 perfectam
3122 4236 3257 4310 sibi
3310 4236 3567 4335 gloriae
3610 4246 3683 4312 et

646 4357 946 4431 laetitiae
1009 4357 1341 4431 duceret?
1413 4355 1596 4430 Fieri
1660 4363 1930 4452 potest,
1997 4353 2093 4428 H.
2135 4354 2258 4442 Α.,
2321 4352 2537 4452 idque
2586 4379 2710 4430 cur
2754 4355 2844 4430 sit
2890 4355 3151 4430 factum
3193 4363 3465 4432 mutata
3511 4366 3681 4431 tem-

650 4501 814 4576 pora
875 4475 1217 4552 declarare
1284 4475 1572 4576 possint.
1672 4474 1775 4548 Ea
1843 4480 1990 4547 erat
2054 4480 2208 4546 tum
2269 4472 2657 4547 animorum
2719 4474 3023 4550 conditio
3082 4481 3160 4550 ut
3207 4475 3313 4549 vel
3358 4475 3510 4575 ipsa
3554 4476 3683 4550 im-

651 4596 931 4696 portuni
989 4594 1254 4669 domini
1316 4593 1630 4671 excussio
1684 4617 1807 4692 pro
1855 4590 2154 4691 perfecta
2204 4601 2276 4666 et
2321 4592 2639 4668 absoluta
2684 4593 2999 4668 libertate
3048 4593 3436 4669 haberetur.
3537 4597 3685 4669 Iac-

653 4715 936 4792 tabatur
977 4721 1376 4812 recuperata
1417 4714 1698 4788 libertas
1744 4711 1868 4787 ubi
1914 4711 2192 4786 nomine
2234 4721 2507 4788 mutato
2546 4713 2826 4788 eaedem
2861 4712 3153 4787 clitellae
3171 4770 3192 4801 ‚
3242 4715 3421 4788 utin
3454 4713 3691 4790 fabula

652 4847 766 4911 est
782 4895 804 4927 ‚
869 4836 1182 4912 iumento
1230 4833 1606 4936 portandae
1654 4831 2192 4932 imponebantur
2208 4890 2230 4922 ,
2280 4839 2352 4906 et
2396 4830 2608 4906 iidem
2658 4830 2975 4909 homines
3015 4831 3259 4909 eodem
3310 4857 3429 4908 ore
3475 4857 3691 4908 novae

3306 4955 3354 5028 2
