4942 6175
1390 676 1476 745 98
2548 671 3287 743 1.A.1³R111N

1389 882 1606 959 fuisse
1673 883 2236 985 praestantiorem
2256 939 2278 972 ,
2348 880 2500 956 eius
2548 886 2783 955 tamen
2838 875 3323 953 instaurationi
3370 882 3471 951 tot
3514 879 3848 974 tantaque
3900 874 4259 953 obstarent
4309 878 4435 957 im-

1391 1003 1830 1103 pedimenta,
1883 1012 1962 1077 ut
2010 1004 2098 1077 de
2145 1028 2228 1077 ea
2276 1025 2364 1075 ne
2409 999 2699 1099 cogitari
2746 998 3031 1099 quidem
3082 1004 3335 1099 posset.

1490 1123 1802 1197 Praestat
1867 1121 2084 1225 igitur
2099 1178 2121 1210 ,
2185 1116 2565 1195 Auditores
2588 1174 2610 1207 ,
2679 1117 3111 1227 acquiescere
3173 1116 3247 1191 in
3297 1114 3537 1204 factis,
3604 1138 3785 1213 quae
3824 1114 4079 1191 infecta
4122 1117 4277 1191 fieri
4320 1143 4435 1195 ne-

1389 1250 1696 1343 queunt,
1769 1248 1840 1315 et
1910 1264 2135 1341 aequo
2207 1240 2440 1315 animo
2512 1237 2860 1337 inquirere
2925 1236 2999 1311 in
3065 1234 3407 1327 rationes,
3482 1232 3742 1335 quibus
3796 1234 3973 1310 effici
4038 1237 4297 1336 possit,
4358 1248 4434 1315 ut

1379 1362 1819 1438 incommoda
1846 1418 1868 1451 ,
1942 1387 2123 1461 quae
2187 1385 2272 1435 ex
2349 1358 2693 1435 Codicum
2757 1356 3181 1433 confectione
3250 1364 3375 1431 aut
3436 1356 3575 1429 iam
3649 1361 3801 1429 orta
3864 1355 4007 1430 sint
4064 1364 4189 1433 aut
4238 1384 4434 1459 porro

1383 1480 1644 1556 oritura
1697 1480 2098 1570 videantur,
2149 1482 2209 1555 si
2261 1504 2400 1556 non
2449 1479 2779 1558 tollantur
2820 1486 2893 1557 at
2936 1478 3344 1580 minuantur
3386 1480 3569 1553 certe
3620 1480 3693 1552 et
3746 1482 4239 1576 temperentur.
4330 1480 4433 1557 Ac

1384 1600 1561 1675 mihi
1620 1600 1904 1700 quidem
1973 1624 2466 1699 saepenumero
2539 1597 2919 1698 permirum
2972 1597 3189 1673 videri
3250 1596 3457 1693 solet,
3521 1594 3699 1672 hanc
3746 1620 3896 1673 rem
3914 1654 3935 1689 ,
3986 1620 4127 1696 qua
4174 1598 4433 1674 nullam
4503 1590 4517 1605 '

1389 1721 1531 1796 scio
1593 1727 1666 1795 et
1731 1720 2116 1823 graviorem
2183 1728 2254 1795 et
2326 1721 2951 1795 iureconsultorum
3019 1715 3617 1793 lucubrationibus
3670 1714 4059 1817 digniorem
4106 1742 4257 1793 esse
4276 1777 4295 1807 ,
4344 1720 4431 1794 ab

1387 1841 1716 1917 omnibus
1783 1841 1925 1916 fere
1989 1841 2252 1941 negligi
2311 1848 2382 1919 et
2430 1840 2802 1927 contemni.
2904 1838 3177 1915 Cuncta
3223 1862 3401 1938 quae
3451 1834 3727 1944 legibus
3776 1837 4029 1915 uostris
4078 1838 4323 1915 vitiosa
4365 1850 4433 1915 et

1385 1962 1622 2061 inepta
1681 1962 1924 2037 insunt
1978 1960 2288 2061 quotidie
2354 1960 2497 2039 fere
2566 1959 2903 2038 recenseri
2970 1968 3045 2039 et
3113 1958 3447 2063 exagitari
3513 1956 3757 2034 audias
3775 1988 3797 2045 ς
3850 1956 3937 2033 de
3982 1956 4069 2033 iis
4114 1958 4430 2035 tollendis

1385 2104 1474 2155 ne
1536 2081 1881 2180 cogitatur
1950 2078 2255 2178 quidem.
2355 2081 2721 2154 Affirmare
2792 2078 3119 2183 equidem
3182 2100 3323 2159 ,non
3385 2076 3649 2167 ausim,
3714 2076 4217 2176 legislatorem,
4268 2089 4430 2155 tunc

1381 2224 1546 2275 cum
1596 2200 1888 2275 Codices
1935 2207 2204 2275 nostros
2251 2202 2657 2289 conficeret,
2707 2199 3173 2274 observavisse
3226 2222 3497 2299 semper
3538 2196 3715 2273 illud
3757 2197 4191 2288 Aristotelis,
4242 2224 4425 2275 sum-

1271 2307 1277 2316 ’
1377 2344 1569 2395 mam
1632 2319 2062 2419 diligentiam
2126 2320 2593 2395 adhibendam
2656 2344 2808 2395 esse
2868 2319 2944 2395 in
3003 2318 3277 2418 legibus
3336 2325 3519 2393 recte
3572 2317 3959 2417 ponendis,
4022 2344 4152 2395 nec
4200 2326 4425 2395 tamen

1380 2439 1628 2514 dubito
1690 2439 1860 2541 quin
1915 2464 2102 2515 nunc
2165 2440 2585 2518 assentiatur
2629 2439 2857 2517 eidem
2904 2437 3314 2541 philosopho
3361 2437 3683 2529 addenti,
3739 2438 3861 2513 ubi
3910 2438 4125 2515 semel
4169 2440 4423 2538 positae

1375 2558 1550 2647 sint,
1617 2558 1704 2633 iis
1774 2544 1925 2634 esse
1985 2558 2336 2641 standum.
2437 2558 2657 2641 Quod
2726 2556 2899 2633 mihi
2972 2582 3110 2636 non
3162 2566 3303 2633 tam
3352 2556 3657 2635 incuriae
3696 2564 3771 2631 et
3812 2558 4161 2634 socordiae
4202 2558 4423 2657 impu-

1377 2678 1672 2754 tandum
1741 2680 2051 2769 videtur,
2123 2704 2334 2779 quam
2399 2680 2632 2777 potius
2682 2677 2847 2753 inde
2896 2676 3425 2776 explicandum,
3482 2677 3673 2776 quod
3722 2676 4063 2753 Codicum
4110 2686 4423 2753 naturam

1373 2796 1822 2895 indolemque
1893 2823 2034 2874 non
2095 2798 2268 2873 adeo
2335 2822 2579 2873 omnes
2647 2797 2823 2871 bene
2894 2804 3335 2898 perspectum
3392 2796 3669 2873 habent.
3768 2799 4101 2897 Meyerus
4144 2798 4427 2897 quidem

1376 2926 1612 2991 noster
1657 2924 1730 2993 et
1774 2918 2024 2993 caeteri
2067 2918 2550 2994 conscribendi
2594 2916 2764 2992 iuris
2809 2918 3083 3017 patroni
3130 2941 3269 2992 non
3324 2924 3467 2992 tam
3506 2917 3838 2993 imbecilli
3878 2926 4076 2994 erant
4111 2918 4383 3018 ingenio
4402 2976 4423 3007 ,

1371 3045 1459 3114 nt
1518 3046 1676 3138 post
1731 3038 2080 3115 confectos
2137 3038 2430 3116 Codices
2471 3038 2941 3140 legislatorem
2990 3038 3125 3114 sibi
3172 3037 3495 3139 pulcrum
3538 3045 3610 3112 et
3656 3036 3941 3115 beatum
3990 3039 4209 3116 videri
4248 3064 4421 3116 sem-

1368 3159 1784 3260 piternoque
1843 3160 1986 3236 otio
2050 3161 2400 3261 quiescere
2469 3185 2672 3260 posse
2740 3169 3085 3260 putarent.
3184 3159 3543 3234 Putabant
3609 3159 3713 3235 illi
3762 3167 3835 3236 et
3884 3159 4268 3251 docebant,
4336 3185 4422 3237 ne

1367 3279 1675 3378 optimas
1738 3281 2024 3379 quidam
2077 3281 2270 3382 leges
2313 3281 2414 3357 ita
2464 3305 2617 3356 esse
2662 3279 2867 3381 plene
2908 3279 3401 3378 cumulateque
3444 3280 3823 3380 perfectas,
3872 3289 3955 3356 ut
4000 3281 4239 3357 nihil
4217 3307 4291 3357 ιιι
4340 3281 4423 3356 iis

1373 3398 1773 3489 immutari,
1830 3399 2006 3476 nihil
2065 3401 2154 3476 iis
2197 3409 2320 3477 aut
2369 3401 2641 3476 detrahi
2692 3409 2817 3477 aut
2860 3401 3075 3478 adiici
3112 3408 3480 3501 oporteret.
3582 3401 3923 3482 Quinimo
3965 3409 4301 3502 perpetua
4354 3408 4425 3476 et

1367 3518 1784 3618 quotidiana
1844 3520 2018 3641 fere
2053 3547 2233 3622 opus
2293 3547 2452 3597 esse
2524 3521 3011 3597 emendatione
3078 3521 3355 3620 saepius
3412 3520 3885 3604 ostenderunt.
4010 3522 4273 3599 Verum
4336 3547 4421 3595 ex

1367 3647 1770 3716 mostnorum
1837 3595 2198 3718 hominnm
2261 3643 2593 3727 memoria
2660 3643 2801 3718 iam
2858 3641 3137 3720 dudum
3198 3641 3325 3716 hoc
3366 3641 3621 3716 abiisse
3670 3641 3843 3717 mihi
3886 3641 4178 3718 videtur.
4277 3644 4425 3716 Ant

1365 3761 1566 3836 enim
1627 3763 2046 3840 confitentur
2105 3763 2396 3862 quidem
2418 3821 2440 3854 ,
2516 3763 2973 3840 necessariam
3038 3761 3411 3862 aliquando
3462 3763 3612 3838 fore
3669 3762 4035 3863 repetitam
4086 3752 4423 3837 Codicum

1379 3873 1905 3977 praelectionem
1928 3939 1952 3969 ,
2021 3883 2144 3958 scd
2215 3884 2493 3984 quoties
2562 3882 2965 3985 quaerimus
2984 3941 3005 3972 ,
3074 3883 3359 3984 quando
3386 3871 3395 3878 ⁹
3426 3883 3709 3958 tandem
3782 3882 3885 3958 rei
3950 3881 4271 3958 futurum
4336 3881 4421 3956 sit

1369 3997 1700 4084 initium,
1751 4005 2030 4099 tempus
2073 4003 2391 4080 nondum
2419 4005 2695 4081 venisse
2737 4003 3177 4105 respondent.
3236 4004 3391 4082 Aut
3426 4003 3497 4084 in
3544 4003 3783 4104 plane
3790 4003 4131 4080 diversam
4162 3999 4423 4076 abeunt

1372 4117 1838 4207 sententiam,
1909 4129 1984 4192 ct
2050 4123 2242 4218 quod
2284 4146 2414 4199 nea
2459 4149 2503 4199 a
2550 4125 2941 4224 legislatore
2992 4125 3297 4224 petimus
3344 4123 3726 4213 auxilium,
3792 4147 3932 4198 non
3986 4122 4121 4198 nisi
4168 4147 4211 4196 a
4258 4121 4422 4196 iuris

1377 4235 1758 4336 interprete
1815 4238 2149 4336 praesum
2207 4263 2410 4340 posse
2474 4243 2927 4318 mandunt.
3026 4243 3241 4318 Facta
3292 4251 3401 4316 est
3446 4243 3732 4342 quidem
3787 4251 3949 4320 ante
3997 4243 4123 4319 hos
4172 4265 4421 4341 paucos

1382 4381 1601 4435 annos
1649 4359 1946 4460 repetita
1987 4358 2162 4459 legis
2199 4360 2603 4440 Iudiciariae
2648 4361 3052 4462 praelectio,
3102 4370 3176 4439 et
3221 4385 3437 4439 novae
3480 4388 3703 4466 nuper
3744 4365 3836 4440 ad
3890 4363 4194 4438 Ordines
4246 4361 4421 4436 latae

1379 4489 1552 4554 sunt
1603 4479 2000 4580 rogationes
2065 4481 2154 4556 de
2217 4483 2546 4560 methodo
2610 4483 3027 4584 procedendi
3092 4483 3167 4558 in
3234 4485 3463 4568 causis
3512 4493 3670 4564 tum
3718 4483 4039 4560 clvilibua
4096 4491 4247 4558 tum
4292 4480 4419 4558 cri·

1379 4598 1777 4678 minalibus.
1903 4601 2048 4677 Sed
2111 4603 2236 4702 qui
2295 4603 2599 4679 maxime
2658 4605 2773 4680 ius
2840 4604 3189 4705 privatum
3262 4611 3579 4704 spectant
3641 4603 3940 4684 Codices
3958 4661 3981 4694 ,
4046 4601 4288 4678 Civilis
4350 4609 4421 4674 et

1377 4717 1880 4812 Mercatorius,
1954 4747 2078 4822 per
2136 4747 2348 4804 omne
2417 4724 2609 4824 quod
2678 4724 3047 4824 viguerunt
3106 4730 3385 4824 tempus
3440 4726 3635 4802 nulla
3688 4724 3832 4801 fere
3886 4723 3962 4800 in
4016 4729 4215 4823 parte
4268 4743 4419 4796 mu-

1375 4839 1508 4917 mi
1549 4847 1738 4918 sunt.
