4942 6175
1750 684 2304 753 ORATIO.
3423 689 3549 755 103

508 896 659 997 regi
710 894 1011 971 debeant
1075 903 1148 970 et
1197 892 1701 984 administrari,
1767 920 1894 971 nec
1939 895 2301 995 descripsit
2353 898 2493 973 ulla
2543 897 2697 997 lege
2742 920 2867 971 nec
2915 895 3246 971 definivit.
3348 895 3550 972 Quae

511 1012 936 1118 negligentia
981 1040 1066 1091 eo
1109 1014 1341 1091 minus
1383 1016 1447 1089 ei
1500 1016 1771 1093 videtur
1807 1012 2268 1093 'condonanda
2286 1077 2307 1106 ,
2355 1018 2545 1117 quod
2588 1018 2663 1092 in
2706 1016 3095 1117 Specimine
3132 1014 3299 1090 anni
3343 1013 3552 1089 huius

489 1138 770 1219 ,saeculi
816 1135 1127 1217 vicesimi
1163 1136 1558 1237 Kemperus
1600 1136 1970 1236 diligenter
2013 1139 2334 1237 exposuit
2368 1137 2736 1215 discrimen
2760 1196 2781 1227 ,
2828 1138 3017 1237 quod
3056 1137 3237 1212 inter
3282 1144 3549 1211 utrum-

488 1284 652 1359 aque
705 1257 1078 1338 intercedit
1139 1256 1662 1333 universitatum
1721 1280 1966 1354 genus.
2067 1258 2152 1329 In
2213 1257 2528 1333 doctrina
2586 1258 2677 1332 de
2724 1258 3017 1333 Statutis
3064 1256 3397 1333 Realibus
3442 1282 3553 1331 res

497 1378 906 1461 immobiles
951 1384 1228 1455 tantum
1279 1382 1695 1463 auctentum
1745 1375 1834 1450 de
1883 1374 2260 1451 mobilibus
2307 1377 2501 1453 nulla
2542 1380 2627 1451 fit
2676 1378 2936 1452 mentio
2955 1437 2975 1467 ,
3024 1385 3097 1452 et
3140 1386 3375 1453 tamen
3423 1376 3553 1451 hac

489 1508 748 1581 ,nostra
809 1505 1034 1577 aetate
1055 1552 1077 1585 ,
1145 1520 1330 1595 quae
1393 1496 1546 1597 ipsa
1593 1520 1732 1571 non
1789 1506 1896 1571 est
1954 1496 2368 1586 immobilis,
2417 1522 2527 1571 res
2575 1496 2865 1572 mobiles
2914 1497 3105 1571 haud
3148 1496 3341 1596 parvi
3384 1502 3553 1571 sunt

513 1618 868 1693 momenti.
969 1616 1298 1691 Actiones
1365 1623 1437 1690 et
1491 1615 1925 1715 exceptiones
1967 1618 2108 1691 alto
2157 1617 2431 1693 silentio
2486 1616 2832 1713 legislator
2885 1616 3253 1715 praeteriit.
3354 1616 3551 1690 Cele-

511 1736 810 1815 ber-rima
849 1761 1012 1812 vero
1030 1794 1051 1826 ,
1103 1760 1283 1835 quae
1323 1736 1506 1811 inter
1547 1736 1730 1811 Iuris
1769 1736 2178 1837 interpretes
2218 1738 2470 1837 agitari
2519 1738 2732 1827 solet,
2782 1736 3097 1836 quaestio
3117 1795 3138 1824 ‚
3187 1742 3424 1810 utrum
3470 1760 3553 1809 ea

493 1882 692 1957 quae
733 1857 1138 1957 temporalia
1177 1850 1350 1933 saint
1399 1858 1494 1934 ad
1543 1858 1894 1957 agendum
1942 1866 2276 1957 perpetua
2321 1882 2539 1934 necne
2586 1859 2728 1933 sint
2770 1858 2860 1933 ad
2904 1855 3388 1956 excipiendum
3409 1915 3429 1945 ,
3478 1855 3552 1928 in

514 2002 654 2057 uno
709 1986 996 2055 tantum
1068 1976 1422 2053 actionum
1493 2002 1744 2077 genere
1781 1978 2158 2069 definitur,
2207 1979 2282 2054 in
2333 1980 2619 2080 reliquis
2658 1979 2985 2055 omnibus
3030 1978 3295 2053 siletur.
3396 1977 3552 2051 Sin-

495 2099 678 2200 gub
738 2098 1062 2199 persequi
1109 2098 1398 2199 longum
1465 2108 1615 2187 est,
1672 2124 1910 2175 verum
1975 2097 2133 2199 quis
2195 2108 2302 2175 est
2323 2158 2345 2190 ‚
2395 2101 2513 2176 cui
2562 2126 2701 2176 non
2752 2098 3155 2175 incredibile
3200 2098 3553 2187 videatur,

495 2218 998 2319 ‚gravissimum
1019 2278 1040 2308 ,
1105 2218 1230 2319 qui
1291 2227 1401 2293 est
1465 2219 1558 2293 de
1624 2218 2069 2320 obligatione
2121 2221 2481 2311 Naturali,
2534 2220 2707 2295 iuris
2756 2221 2987 2295 locum
3038 2221 3135 2294 ita
3187 2242 3467 2317 prorsus
3512 2242 3555 2292 a

509 2340 900 2439 legislatore
965 2364 1118 2415 esse
1183 2339 1578 2439 neglectum
1603 2399 1622 2429 ,
1694 2348 1772 2414 ut
1828 2341 2043 2415 semel
2092 2348 2366 2416 tantum
2416 2340 2493 2415 id
2542 2334 2951 2415 vocabulum
2998 2348 3333 2438 usurpet,
3387 2338 3559 2413 nihil

494 2459 902 2535 definiens?
998 2459 1094 2533 Et
1149 2458 1229 2533 in
1299 2458 1558 2533 Codice
1627 2460 2041 2536 Mercatorio
2110 2485 2253 2535 non
2333 2462 2567 2537 minus
2640 2462 2857 2534 multa
2931 2460 3032 2533 vel
3078 2459 3309 2558 potius
3361 2460 3559 2558 plura

495 2578 810 2667 desunt,
863 2602 1044 2679 quae
1097 2578 1337 2653 deesse
1387 2601 1525 2651 non
1569 2580 1954 2679 oportebat.
2057 2581 2400 2681 Compara
2449 2606 2613 2657 eum
2662 2606 2825 2656 cum
2872 2580 3129 2654 Codice
3174 2604 3301 2667 ec,
3349 2604 3561 2678 quem

513 2716 739 2797 nuper
775 2697 1118 2775 Germani
1161 2696 1638 2786 confecerunt,
1681 2698 1756 2773 in
1799 2725 1944 2798 quo
1985 2701 2206 2777 multa
2245 2703 2523 2801 egregie
2566 2708 3103 2801 pertractantur,
3154 2700 3563 2774 mandatum

505 2818 1046 2906 macenariam,
1077 2818 1274 2893 aetio
1325 2817 1707 2909 institoria,
1752 2819 1964 2895 emtio
2015 2820 2320 2895 venditio
2342 2879 2361 2908 ,
2409 2821 2542 2897 alia
2565 2880 2585 2910 ,
2638 2821 2725 2894 de
2779 2820 3035 2919 quibus
3080 2820 3269 2918 apud
3310 2844 3435 2895 nos
3478 2844 3567 2894 ne

511 2940 776 3017 mentio
822 2937 1114 3037 quidem
1169 2938 1310 3013 ulla
1359 2939 1715 3037 reperitur.

615 3062 852 3159 Atque
911 3059 983 3135 in
1043 3058 1323 3160 legibus
1395 3060 1646 3136 nostris
1715 3087 1938 3162 quum
2004 3068 2150 3138 tam
2222 3062 2444 3137 multa
2505 3062 2648 3136 sint
2702 3060 2879 3135 male
2938 3068 3226 3136 tractata
3272 3070 3397 3136 aut
3448 3084 3564 3136 ne·

515 3181 740 3280 glecta
785 3205 1112 3279 prorsus,
1157 3181 1426 3256 accedit
1462 3182 1598 3258 alia
1631 3183 2080 3282 *reprehensio
2101 3242 2121 3273 ,
2173 3207 2354 3282 quae
2400 3189 2509 3258 est
2555 3183 2628 3256 in
2676 3182 3004 3257 orationis
3048 3183 3563 3282 compositione.

518 3302 866 3376 ornatum
924 3309 996 3376 et
1056 3301 1289 3377 neseio
1352 3327 1564 3402 quam
1623 3302 2042 3402 elegantiam
2108 3303 2458 3402 legislator
2506 3311 2819 3402 respuat,
2880 3308 2953 3376 at
2997 3303 3235 3400 legum
3288 3303 3566 3402 scriptio

501 3418 1051 3498 concinnitatem
1109 3427 1292 3496 certe
1359 3420 1706 3497 desiderat
1763 3432 1836 3497 et
1899 3422 2485 3523 perspicuitatem.
2588 3423 2688 3496 Ut
2732 3423 2959 3498 omnis
3000 3423 3217 3497 oratio
3236 3483 3256 3511 ,
3308 3424 3404 3498 ita
3456 3424 3565 3498 lex

503 3547 788 3616 constat
854 3539 1078 3616 verbis
1099 3597 1122 3630 ,
1186 3548 1262 3616 et
1319 3539 1580 3616 babent
1634 3543 1840 3617 verba
1889 3567 2091 3618 suam
2141 3543 2736 3642 significationem.
2841 3545 2938 3616 At
2979 3543 3053 3618 in
3098 3543 3372 3616 delectu
3422 3567 3564 3616 ver-

505 3661 768 3736 borum
841 3661 1060 3736 nostri
1125 3659 1442 3738 homines
1511 3661 1612 3736 ita
1671 3661 2103 3762 negligentes
2169 3662 2452 3737 fuerunt
2471 3721 2492 3751 ,
2568 3671 2649 3736 ut
2719 3685 3213 3760 saepenumero
3268 3663 3564 3736 eandem

511 3802 668 3856 rem
727 3779 1004 3855 diverso
1075 3781 1282 3856 modo
1345 3779 1478 3857 s'ut
1523 3782 1767 3858 eodem
1825 3783 2034 3858 modo
2082 3783 2384 3858 diversas
2428 3807 2539 3856 res
2596 3781 3075 3881 expresserint.
3180 3783 3412 3880 Atque
3456 3783 3563 3856 in-

521 3901 800 3976 terdum
849 3899 1064 3976 mbo
1104 3901 1525 3976 eontrarium
1572 3903 1964 4001 significant
2003 3903 2155 3977 eius
2199 3903 2618 3990 sententiae,
2670 3925 2882 4001 quam
2922 3901 3305 4001 exprimere
3352 3902 3566 3976 voluit

513 4019 892 4119 legislator.
984 4021 1297 4121 Magna,
1371 4029 1450 4095 ut
1513 4023 1830 4122 exemplo
1878 4025 2158 4100 doceam
2181 4082 2200 4112 ,
2269 4032 2376 4098 est
2421 4022 2773 4122 quaestio,
2842 4030 3073 4095 utrum
3122 4023 3563 4122 peregrinum

507 4141 708 4240 apud
771 4163 906 4216 nos
975 4165 1104 4217 sua
1167 4147 1548 4240 sequantur
1614 4149 1876 4217 statuta
1940 4141 2324 4241 personalia
2391 4165 2482 4216 an
2548 4148 2771 4214 status
2832 4141 2982 4215 eius
3032 4141 3257 4215 civilis
3308 4143 3559 4217 nostris

525 4261 798 4361 legi-bus
861 4260 1218 4336 subiectus
1285 4262 1398 4336 sit.
1495 4262 1584 4334 In
1643 4285 1781 4360 qua
1839 4262 2242 4360 quaestione
2292 4261 2721 4350 definienda,
2780 4261 2957 4340 baec
3012 4286 3145 4336 una
3196 4263 3560 4337 difficultas

525 4391 676 4458 est:
727 4382 1016 4458 liceatne
1055 4407 1103 4458 a
1151 4382 1304 4482 lege
1323 4441 1344 4470 ,
1395 4405 1575 4480 quae
1628 4379 1756 4456 hae
1803 4379 1893 4458 de
1945 4407 2018 4456 re
2065 4381 2320 4482 scripta
2365 4392 2506 4471 est,
2550 4381 2924 4471 decedere,
2972 4389 3330 4480 propterea
3374 4383 3563 4480 quod

525 4501 986 4602 legislatorem
1048 4503 1242 4578 aliud
1298 4501 1690 4602 scripsisse,
1755 4501 1947 4577 aliud
2011 4502 2308 4577 voluisse
2373 4501 2655 4578 aliunde
2716 4509 3004 4576 constet.
3082 4501 3287 4574 Nam
3356 4500 3565 4576 huius

521 4622 814 4723 quidem
875 4623 1050 4726 legis
1115 4623 1322 4700 verba
1387 4623 1774 4721 significare
1845 4646 1984 4696 non
2058 4621 2133 4695 id
2212 4622 2402 4721 quod
2470 4621 2819 4722 legislator
2873 4621 3098 4695 voluit
3116 4681 3137 4710 ,
3196 4623 3323 4697 sed
3374 4625 3564 4723 quod

523 4743 790 4834 noluit,
837 4749 994 4820 tum
1041 4769 1132 4820 ex
1176 4743 1330 4822 aliis
1376 4741 1844 4843 argumentis,
1897 4748 2050 4817 tum
2101 4766 2186 4816 ex
2233 4741 2406 4842 legis
2455 4741 2739 4818 historia
2780 4741 3164 4817 luculenter
3210 4753 3513 4842 apparet.

4894 860 4914 1051 ρ--ῡλ
4897 659 4909 762 -n
4897 553 4909 574 ιι
4895 296 4914 458 ι-ρ
