4942 6175
1546 655 1822 722 ACTA
1898 657 2006 722 111
2072 657 2518 725 SENATU.
3435 659 3561 726 123

941 863 1253 942 Tandem
1300 863 1801 962 Magistratum
1849 863 2348 941 Academicum
2392 865 2748 966 deponens
2761 921 2782 954 ,
2821 865 3068 942 datum
3111 863 3247 941 sibi
3291 889 3557 942 succes-

852 1007 1075 1062 sorem
1128 982 1471 1060 Iacobum
1526 985 1914 1060 Antonium
1951 984 2169 1060 Fruin
2190 1043 2213 1074 ‚
2262 984 2510 1059 Virum
2547 985 3030 1061 Clarissimum
3050 1044 3071 1074 ‚
3117 985 3564 1086 proclamavit

850 1114 923 1181 et
976 1104 1300 1181 salutavit
1346 1103 1717 1180 Rectorem
1758 1105 2217 1202 Magnificum
2268 1104 2684 1180 Academiae
2733 1105 3462 1184 Rheno-Traiectinae.

952 1225 1014 1300 E
1056 1223 1471 1302 Gur-aterum
1518 1223 1796 1300 decreto
1832 1222 2305 1299 declarantur:

952 1345 1251 1420 Senatus
1289 1343 1741 1442 Graphiarius
1762 1375 1783 1416 ι
1832 1341 1961 1416 Vir
2008 1342 2451 1418 Clarissimus
2501 1343 2800 1418 Iacobus
2846 1345 3130 1420 Isaaous
3175 1345 3488 1434 Doedes;

950 1468 1391 1542 Assessoresz

1002 1583 1129 1658 Ex·
1164 1582 1431 1658 Ordine
1476 1579 1943 1658 Literatorum
2134 1579 2280 1656 Vir.
2332 1581 2516 1656 Clar.
2568 1584 2660 1660 G.
2711 1583 2800 1658 G.
2850 1583 3045 1661 Brill.

1054 1730 1093 1772 ι
1298 1730 1336 1774 u
1469 1701 1977 1802 Theolngomm
2208 1729 2249 1772 n
2407 1729 2443 1772 n
2571 1703 2630 1778 I.
2683 1703 2748 1778 I.
2797 1727 2930 1778 van
2981 1703 3370 1782 metense.

1050 1849 1089 1892 a·
1292 1850 1330 1892 u
1468 1822 1905 1898 Medicorum
2206 1849 2245 1892 u
2406 1851 2443 1892 o
2568 1825 2658 1898 G.
2711 1823 2992 1900 Koster.

1054 1971 1093 2014 n
1298 1971 1337 2014 n
1471 1943 2131 2018 Mathematioorum
2201 1970 2239 2014 u
2400 1971 2437 2012 u
2561 1945 2652 2018 G.
2704 1945 2768 2018 Ῑ.
2817 1944 3122 2020 Mulder.

516 2066 653 2142 Die
698 2067 795 2142 80
842 2089 938 2145 m.
989 2064 1186 2142 Maii.
1290 2062 1548 2138 Rector
1612 2069 1758 2138 tres.
1821 2063 1915 2138 ad
1986 2063 2323 2139 Senatum
2388 2051 2614 2138 defert
2675 2063 3066 2162 rogationes
3085 2119 3106 2153 ,
3175 2061 3265 2138 ab
3326 2061 3566 2137 ordine

850 2187 1313 2266 Ijteratorum
1366 2190 1579 2282 atque
1629 2183 2063 2258 Medicorum
2114 2185 2207 2259 ad
2262 2209 2337 2259 se
2392 2182 2695 2259 delatos:

946 2333 1015 2382 a.
1094 2305 1183 2380 ab
1240 2303 1509 2378 Ordine
1558 2301 2022 2378 Literatorum
2050 2361 2075 2390 ,
2140 2312 2223 2378 ut
2276 2301 2445 2377 Viro
2501 2302 2924 2378 Doctissimo
2973 2302 3262 2377 Nicolao
3321 2303 3528 2377 Beets
3545 2359 3568 2390 ‚

852 2425 1151 2502 Traiecti
1220 2423 1309 2496 ad
1378 2421 1711 2496 Rhenum
1782 2421 2152 2522 Euangelii
2222 2423 2584 2523 interpreti
2603 2479 2626 2510 ,
2695 2433 2768 2496 et
2834 2420 3004 2496 Viro
3081 2422 3572 2498 Eruditissimo

712 2533 716 2536 ’
852 2544 1038 2620 Iulio
1092 2539 1403 2618 Hem-ico
1464 2540 1738 2641 Hisgen
1762 2599 1784 2631 ‚
1831 2541 2221 2618 literarum
2270 2541 2844 2616 Germanicarum
2893 2541 2968 2614 in
3017 2541 3146 2617 hac
3193 2540 3574 2615 Academia

850 2662 1125 2740 Lectori
1150 2719 1171 2750 ,
1239 2660 1345 2735 illi
1414 2658 1509 2734 oh
1586 2661 1839 2736 eximia
1902 2661 1977 2736 in
2048 2660 2280 2736 literas
2346 2661 2752 2761 praesertim
2820 2661 3142 2760 Belgicus
3165 2715 3185 2749 ‚
3254 2660 3414 2736 huic
3478 2659 3570 2736 ob

852 2805 1111 2883 magna
1174 2781 1251 2855 in
1315 2778 1549 2854 studio
1589 2779 1975 2856 literarum
2023 2781 2598 2856 Germanicarum
2655 2781 2850 2880 apud
2893 2778 3280 2855 studiosam
3333 2779 3573 2854 iuven-

856 2909 1083 2978 tutem
1131 2899 1599 3002 promovendo
1646 2899 1893 2976 merita
1913 2959 1934 2990 ,
1983 2901 2236 2976 titulus
2282 2910 2357 2977 et
2402 2901 2558 2976 iura
2609 2899 3092 3000 Philosophiae
3134 2899 3574 2975 'I'heoreticae

853 3021 1181 3122 Magistri
1200 3077 1223 3110 ,
1296 3020 1686 3096 Lites-arum
1760 3019 2278 3098 Humaniorum
2358 3021 2678 3098 Doctoris
2695 3079 2716 3111 ,
2785 3021 3058 3096 honoris
3137 3043 3344 3096 causa
3407 3019 3574 3095 offe·

846 3151 1133 3229 tantun

952 3264 1013 3337 b.
1076 3260 1179 3351 'ab
1250 3259 1519 3335 Ordine
1574 3258 2012 3336 Medicorum
2032 3318 2052 3352 ‚
2118 3272 2199 3337 ut
2258 3264 2331 3337 in
2382 3261 2631 3337 Virum
2676 3259 3374 3361 Experientissimum
3425 3261 3570 3335 An-

856 3384 1129 3459 tonium
1176 3382 1577 3457 Cornelium
1622 3405 1753 3456 van
1806 3381 2153 3459 Woerden
2174 3442 2197 3473 ‚
2245 3382 2562 3484 proximo
2605 3381 2722 3458 die
2767 3384 2814 3455 8
2861 3381 3120 3457 mensis
3157 3380 3348 3455 Iunii
3379 3381 3570 3457 Artis

854 3502 1303 3602 Chirurgioae
1348 3524 1473 3601 per
1512 3504 1613 3575 40
1658 3526 1877 3577 annos
1919 3503 1995 3578 in
2034 3504 2311 3579 civitate
2357 3503 2750 3579 Traiectina
2783 3500 3078 3577 feliciter
3113 3502 3568 3599 omniumque

854 3623 1235 3722 peritorum
1305 3646 1469 3698 cum
1538 3622 1881 3722 applausu
1940 3622 2290 3700 factitatas
2344 3623 2750 3699 memoriam
2797 3620 3302 3695 celebraturum
3364 3630 3434 3694 et
3489 3620 3563 3695 in

852 3742 1169 3818 eiusdem
1238 3741 1407 3817 artis
1468 3741 1703 3817 studio
1766 3742 2065 3843 practico
2126 3743 2494 3843 insigniter
2549 3741 2879 3816 meritum
2901 3798 2924 3830 ,
2993 3739 3362 3815 titularet
3409 3740 3562 3815 iura

848 3858 1259 3958 chirurgiae
1306 3859 1629 3933 Doctoris
1676 3861 1947 3935 honoris
1990 3884 2198 3935 cauea
2244 3860 2706 3937 conferantur.

956 3978 1275 4079 Cognitis
1314 3978 1700 4053 rationibus
1722 4036 1743 4067 ,
1805 4002 1981 4077 quas
2030 4002 2157 4080 pro
2230 3981 2661 4081 singulorum
2712 3981 3034 4057 ordinum
3088 3979 3561 4080 rogationibus

850 4100 1289 4200 protulerunt
1327 4097 1477 4175 Vir.
1516 4098 1733 4175 Clarr.
1772 4096 1947 4174 Brill
1963 4158 1984 4188 ‚
2034 4102 2421 4199 Opzoomer
2437 4157 2459 4191 ‚
2509 4102 2644 4177 Ter
2679 4102 2876 4179 Haar
2892 4160 2913 4191 ,
2963 4100 3314 4191 Donders‚
3357 4124 3552 4200 roga·

850 4218 1075 4295 tiones
1123 4218 1285 4295 illas
1323 4216 1796 4320 comprobavit
1844 4220 2163 4297 Senatus.

513 4338 647 4414 Die
749 4342 795 4414 3
844 4364 938 4416 m.
989 4338 1202 4417 Iunii.
1322 4340 1411 4415 In
1480 4340 1779 4416 Senatus
1849 4342 2249 4419 Academici
2320 4351 2739 4418 conventum
2818 4341 3198 4417 identidem
3272 4341 3556 4417 deducti

852 4470 1021 4535 sunt
1058 4460 1213 4536 Viri
1256 4460 1840 4537 Praestantissimi
1888 4461 2219 4537 Nicolaus
2268 4464 2482 4538 Beets
2497 4520 2517 4552 ,
2567 4462 2796 4537 Iulius
2843 4460 3190 4537 Henricus
3236 4460 3508 4559 Hisgen
3526 4518 3550 4550 ,

853 4579 1221 4656 Antonius
1262 4580 1629 4656 Cornelius
1672 4605 1804 4656 van
1858 4580 2205 4658 Woerden
2225 4639 2246 4670 ‚
2304 4606 2387 4657 eo
2438 4581 2724 4658 consilio
2740 4639 2760 4671 ,
2815 4590 2894 4656 ut
2943 4588 3368 4681 promotores
3387 4638 3410 4670 ,
3460 4579 3550 4656 ab

853 4696 1241 4775 Ordinibus
1314 4700 1776 4777 Literatorum
1839 4710 1911 4776 et
1976 4701 2412 4778 Medicorum
2485 4701 2829 4803 designati
2846 4760 2866 4792 ,
2933 4702 3008 4777 in
3080 4701 3234 4777 illos
3289 4725 3376 4777 ex
3428 4701 3549 4776 Se·

843 4824 1053 4893 natus
1133 4818 1409 4896 decreto
1434 4878 1453 4911 ‚
1536 4844 1849 4897 summos
1930 4821 2316 4898 conferrent
2386 4824 2702 4900 honores.
2829 4824 3030 4903 Quos
3108 4821 3398 4899 honores
3475 4822 3549 4896 in

3069 4942 3216 5018 16·
