4942 6175
1838 679 2396 764 onirro.
2841 711 2852 720 ·
3513 701 3642 770 311

586 909 677 981 In
752 906 863 982 his
932 905 1119 980 enim
1188 929 1344 980 mos
1416 904 1837 994 invaluerat,
1904 913 1987 980 ut
2054 904 2373 1004 discipuli
2442 906 2863 982 exercitandi
2919 906 3144 1006 grstia
3211 908 3303 982 ad
3371 917 3642 984 certum

590 1026 943 1126 quoddam
993 1024 1389 1124 exemplum
1439 1025 1843 1124 scriptiones
1888 1027 2321 1100 conficerent.
2424 1027 2630 1104 Quae
2677 1027 3080 1125 scriptiones
3099 1084 3119 1115 ,
3170 1052 3388 1126 quum
3431 1029 3644 1128 vulgo

586 1145 1037 1222 ilustrissimi
1104 1145 1445 1244 cuiusque
1517 1145 1815 1220 auctoris
1875 1144 2155 1218 nomine
2218 1144 2861 1234 circumferrentur,
2926 1171 3258 1221 numerus
3307 1146 3640 1223 librorum

590 1267 1105 1367 suppositorum
1160 1274 1235 1340 et
1278 1263 1805 1339 subditiciorum
1850 1263 2105 1336 mirum
2148 1263 2219 1336 in
2271 1264 2560 1339 modum
2601 1275 2923 1340 creverat.
3023 1267 3335 1342 Accessit
3381 1292 3641 1344 merca·

586 1393 747 1460 tura
806 1385 1082 1461 libraria
1101 1443 1121 1473 ,
1188 1408 1367 1484 quae
1432 1384 1589 1482 ipss
1644 1381 1763 1456 illa
1824 1379 2449 1456 Alexandrinorum
2500 1390 2728 1456 aetate
2781 1407 2989 1481 quam
3041 1385 3335 1460 maxime
3381 1387 3638 1466 floruit.

586 1505 766 1579 Tam
822 1513 1101 1580 sti-orme
1156 1513 1329 1578 tunc
1389 1502 1705 1578 homines
1770 1500 1967 1575 libris
2016 1501 2409 1576 lectitandis
2457 1512 2529 1576 et
2581 1502 3046 1600 scriptitandis
3095 1529 3372 1604 operam
3429 1506 3640 1582 dede-

584 1631 794 1713 runt,
848 1631 927 1699 ut
970 1624 1107 1723 ipsi
1146 1623 1305 1698 libri
1352 1623 1425 1698 in
1468 1647 1693 1697 merce
1744 1621 1985 1696 haberi
2028 1622 2251 1720 coepti
2300 1621 2458 1696 sint.
2561 1623 2725 1700 Quo
2765 1622 3026 1697 factum
3049 1681 3068 1711 ,
3125 1632 3202 1696 ut
3247 1624 3388 1698 doli
3421 1633 3641 1724 atque

586 1743 936 1833 fillaciae,
976 1744 1236 1842 quibus
1274 1742 1581 1843 reliquae
1624 1765 1889 1816 merces
1928 1739 2269 1814 obnoxiae
2306 1750 2511 1829 sunt,
2562 1740 2650 1816 ad
2693 1739 2916 1814 forum
2961 1740 3316 1817 librarium
3361 1768 3646 1842 quoque

590 1863 771 1938 viam
828 1864 963 1938 sibi
1010 1864 1408 1939 munierint.
1506 1864 1971 1938 Mercatorum
2012 1859 2197 1934 enim
2217 1917 2239 1948 ,
2290 1861 2411 1958 qui
2458 1884 2594 1935 non
2650 1861 3090 1936 scientiarum
3110 1919 3132 1950 ,
3175 1863 3298 1937 sed
3344 1864 3518 1938 lucri
3567 1873 3646 1940 et

590 1993 929 2082 quaestus
965 1983 1200 2056 studio
1232 1979 1701 2071 ducebantur,
1742 1982 2104 2069 intererat,
2154 1989 2231 2052 ut
2269 2005 2480 2077 quam
2517 1981 2812 2054 maxima
2845 1980 3173 2056 librorum
3205 1983 3402 2082 copia
3427 2009 3636 2082 quam

588 2101 995 2177 brevissimo
1036 2102 1373 2202 temporis
1402 2102 1625 2201 spatio
1663 2100 2226 2176 conscriberetur.
2307 2100 2519 2179 Quod
2563 2108 2864 2199 quantae
2905 2100 2976 2174 in
3019 2102 3464 2177 conficiendis
3495 2129 3648 2180 ma-

590 2220 969 2319 nuscriptis
1019 2221 1367 2297 socordiae
1410 2229 1488 2296 et
1530 2221 2006 2319 indiligentiae
2054 2219 2279 2295 locum
2332 2219 2640 2307 dederit,
2705 2218 2876 2316 quid
2925 2243 3106 2318 opus
3148 2229 3256 2295 est
3302 2226 3634 2298 monere?

688 2341 815 2414 His
890 2339 1109 2414 tantis
1173 2340 1373 2415 malis
1440 2340 1893 2416 Alexandrini
1962 2365 2091 2439 pro
2158 2338 2416 2414 viribus
2485 2338 2744 2414 mederi
2805 2341 3032 2413 conati
3090 2349 3273 2417 sunt.
3373 2341 3638 2419 Versus

593 2460 863 2560 spurios
924 2468 997 2534 et
1062 2458 1469 2534 subditicios
1526 2467 2015 2559 expunxerunt
2058 2466 2183 2534 aut
2230 2458 2431 2534 obelo
2478 2464 2844 2545 notarunt,
2913 2459 3224 2534 vitiosam
3277 2460 3644 2540 lectionem

591 2579 1087 2666 emendarunt,
1155 2579 1691 2654 introduxerunt
1754 2603 2002 2654 novam
2068 2588 2139 2652 et
2188 2579 2285 2653 sic
2340 2578 2606 2677 ubique
2665 2578 2794 2652 hoc
2843 2586 3175 2677 egerunt,
3229 2588 3306 2654 ut
3354 2582 3650 2657 orationi

552 2727 559 2732 ·
590 2697 951 2797 pristinam
1004 2699 1367 2773 sanitatem
1419 2699 1885 2774 restituerent.

691 2817 1071 2916 Reliquum
1130 2827 1277 2892 erat
1296 2876 1317 2906 ,
1393 2826 1473 2892 ut
1552 2818 1915 2916 scriptores
1982 2819 2084 2894 ita
2154 2819 2560 2894 emendatos
2625 2816 2716 2890 ad
2777 2841 3148 2892 commune
3191 2818 3526 2894 iudicium
3573 2827 3648 2895 et

588 2937 999 3035 popularem
1042 2938 1570 3038 intelligentiam
1618 2940 2241 3014 accommodarent.
2346 2936 2756 3012 Communis
2809 2937 2994 3010 enim
3053 2938 3234 3012 vitae
3279 2963 3506 3014 sermo
3551 2940 3645 3015 ab

592 3056 1036 3155 antiquorum
1104 3061 1523 3135 Graecorum
1586 3057 1825 3159 lingua
1891 3067 2250 3160 tantopere
2297 3059 2873 3157 degeneraverat,
2923 3065 3004 3129 ut
3047 3057 3394 3155 permulta
3436 3057 3642 3135 verba

589 3177 665 3253 in
734 3177 1181 3276 scriptoribus
1238 3188 1715 3267 occurrerent,
1778 3204 1959 3278 quae
1979 3238 1998 3267 ,
2053 3204 2271 3278 quum
2321 3178 2527 3278 plane
2569 3176 2642 3249 in
2685 3176 3216 3251 desuetudinem
3262 3177 3640 3270 abiissent,

592 3320 637 3369 a
698 3295 1073 3370 lectoribus
1132 3298 1330 3370 nullo
1392 3297 1605 3371 modo
1644 3298 1941 3399 intelligi
1988 3307 2328 3399 poterant.
2430 3296 2794 3371 Contraria
2841 3297 3106 3369 ratione
3154 3321 3452 3396 magnus
3497 3322 3640 3373 ver·

591 3412 845 3489 borum
893 3439 1225 3490 numerus
1274 3418 1349 3489 in
1401 3416 1711 3515 linguam
1763 3419 2170 3518 irrepserat,
2225 3441 2522 3517 quorum
2569 3416 2648 3488 in
2696 3414 3040 3489 veteribus
3087 3414 3438 3491 literarum
3493 3442 3638 3493 mo-

594 3534 949 3608 numentis
1017 3558 1297 3632 prorsus
1364 3534 1632 3609 nullum
1702 3539 2077 3638 vestigium
2151 3537 2642 3638 reperiebatur.
2744 3534 2948 3611 Quae
2997 3533 3492 3633 impedimenta
3539 3537 3652 3613 ita

597 3676 921 3751 superare
989 3654 1219 3727 eonati
1290 3663 1455 3728 saint
1470 3712 1491 3743 ,
1562 3663 1645 3729 ut
1721 3659 1964 3733 sedulo
2031 3665 2391 3747 notarent,
2461 3679 2644 3756 quae
2710 3652 2916 3728 <rerba
2980 3654 3198 3752 proba
3245 3664 3318 3729 et
3371 3664 3646 3731 vetusta

596 3783 827 3847 essent
846 3830 867 3861 ,
918 3798 1099 3872 quae
1144 3774 1521 3849 reiieiends
1558 3784 1629 3849 et
1678 3775 2008 3867 barbara,
2062 3788 2279 3877 utque
2330 3802 2451 3865 ea,
2505 3797 2686 3874 quae
2733 3772 2937 3871 plane
2987 3774 3061 3846 in
3105 3772 3634 3851 desuetudinem

597 3890 946 3979 abierant,
994 3890 1421 3965 illustrarent
1468 3902 1679 3991 atque
1728 3895 2168 3995 explicarent.

694 4008 895 4083 Haec
938 4016 1131 4084 tanta
1182 4011 1274 4085 de
1315 4012 1533 4087 literis
1575 4014 1881 4113 antiquis
1924 4016 2208 4103 merita,
2260 4013 2318 4088 si
2363 4021 2548 4087 recte
2593 4010 2982 4085 iudicamus
3025 4036 3108 4086 ac
3147 4014 3641 4111 perpendimus

598 4134 671 4203 et
731 4128 789 4201 si
850 4138 1203 4227 praeterea
1259 4130 1773 4207 consideramus
1794 4192 1813 4222 ,
1864 4144 2037 4233 quot
2086 4136 2271 4209 locos
2316 4132 2622 4231 alioquin
2667 4130 3031 4220 obscuros,
3079 4132 3646 4209 annotationibus

600 4246 695 4321 ad
750 4246 1104 4323 historiam
1160 4258 1235 4325 et
1295 4254 1787 4351 geographiam
1836 4254 1929 4330 ad
1978 4255 2431 4353 antiquitates
2472 4262 2545 4326 et
2597 4251 3088 4350 mythologiam
3138 4252 3644 4351 pertinentibus

600 4368 1091 4445 illustrat-erint
1111 4429 1132 4461 ,
1184 4372 1471 4447 minime
1518 4398 1666 4449 rem
1708 4374 1783 4447 in
1836 4374 2061 4449 maius
2110 4373 2433 4448 extollere
2487 4369 2662 4445 mihi
2714 4369 2946 4445 videor
2964 4428 2985 4459 ,
3036 4394 3252 4469 quum
3299 4379 3640 4464 statuam,

602 4488 1107 4565 Grammaticos
1152 4492 1657 4567 Alexandrinos
1706 4494 1964 4591 dignos
2010 4518 2197 4583 esse,
2262 4516 2562 4592 quorum
2617 4488 2902 4564 nomina
2943 4512 3221 4564 summo
3261 4491 3334 4564 in
3383 4490 3642 4567 honore

602 4605 1026 4697 habeantur,
1078 4612 1415 4709 quamdiu
1463 4613 1815 4688 literarum
1864 4614 2176 4688 studium
2226 4621 2449 4687 exstet
2497 4619 2567 4685 et
2614 4616 3033 4708 permaneat.

698 4729 799 4801 At
853 4730 963 4803 vel
1028 4730 1125 4804 sic
1182 4742 1413 4807 tamen
1466 4733 1767 4808 multum
1812 4734 2050 4829 abest,
2102 4742 2182 4808 ut
2229 4733 2529 4807 virorum
2577 4730 2850 4803 illorum
2905 4726 3136 4803 studia
3180 4728 3442 4803 nullam
3489 4752 3636 4803 om-

598 4844 765 4920 nino
816 4848 1362 4946 reprehensionis
1420 4877 1657 4927 ansam
1704 4852 2099 4951 praebeant.
2202 4854 2429 4927 Immo
2481 4876 2636 4925 vero
2680 4848 3084 4947 gravissimo
3125 4848 3298 4923 vitio
3336 4847 3634 4923 obnoxia
