4942 6175
1388 658 1515 728 166
2487 661 2556 761 1².¹
2619 659 2690 726 z,
2756 658 3338 728 sumamus

1385 865 1720 965 religione
1785 864 2093 964 quadam
2156 866 2248 940 ad
2316 811 2411 941 ea
2456 864 2880 966 exploranda
2928 873 3271 942 nostrates
3315 864 3535 940 teneri
3583 864 4031 944 existimaret.
4131 865 4245 942 Τιι
4287 867 4450 944 talis

1387 986 1704 1084 tantique
1753 985 1881 1060 viri
1924 983 2286 1064 verborum
2330 989 2721 1062 memento!

1580 1202 1985 1292 (Recitatur
2032 1203 2353 1277 iudicium
2403 1205 2490 1278 de
2535 1226 2848 1302 responso
2895 1204 2993 1278 ad
3033 1205 3484 1306 quaestionem
3531 1203 3617 1276 de
3665 1201 3955 1276 Homeri
3983 1204 4244 1302 poe‘ai.)

1485 1417 1735 1517 Itaque
1778 1425 1849 1492 te
1867 1475 1888 1506 ‚
1938 1418 2373 1496 ornatissime
2419 1416 2758 1494 Valetonl
2809 1426 2891 1494 ut
2929 1416 3021 1495 ad
3067 1443 3182 1493 me
3234 1417 3466 1492 venias
3502 1412 3664 1492 orol

1484 1635 1594 1708 En
1650 1635 1778 1709 tibi
1795 1695 1815 1725 ‚
1874 1637 2141 1712 iuvenis
2193 1636 2816 1735 praestantissime!
2863 1636 3337 1712 testimonium
3376 1643 3582 1708 tuum
3601 1690 3622 1721 ,
3671 1654 3879 1730 quem
3934 1631 4262 1709 honorem
4309 1633 4440 1710 tibi

1378 1755 1698 1867 patrique
1754 1763 1875 1832 tuo
1888 1815 1909 1845 ,
1958 1756 2261 1856 collegae
2319 1755 2882 1832 coniunctissimo
2929 1755 3256 1856 gratulor.
3346 1754 3458 1828 'I'u
3483 1751 3772 1852 quidem
3816 1776 4094 1851 operam
4141 1755 4440 1854 posuisti

1370 1876 1445 1927 m
1476 1877 1557 1928 ⁰⁰
1574 1910 1595 1940 '
2315 1993 2351 2035 ,
2368 1951 2482 2038 qui
2527 1953 2680 2040 quid
2723 1953 2808 2021 sit
2849 1953 3180 2042 pulchrum
3201 1996 3444 2019 ......
3443 1947 3464 1978 ’
3465 1946 3488 1980 ’

1382 2114 1505 2190 sed
1574 2117 1734 2191 nolo
1800 2117 1928 2192 tibi
2000 2143 2235 2194 versus
2304 2122 2628 2211 recitare,
2699 2146 2874 2221 quos
2943 2119 3279 2195 memoria
3346 2118 3585 2192 tenes!
3657 2118 3788 2190 Est
3847 2115 4002 2204 illc,
4069 2141 4114 2190 a
4169 2137 4316 2215 quo
4363 2115 4438 2192 in

1378 2234 1730 2311 literarum
1780 2238 2029 2312 studiis
2078 2247 2409 2338 tanquam
2460 2266 2502 2315 a
2567 2242 2732 2314 Iove
2793 2240 3231 2339 principium.
3333 2236 3608 2316 Quodsi
3657 2235 3797 2310 iam
3846 2236 4099 2335 primos
4137 2234 4434 2310 honores

1376 2375 1516 2429 non
1567 2355 1828 2446 tulisti,
1879 2379 2019 2431 non
2070 2367 2177 2432 est
2222 2379 2347 2433 cur
2394 2367 2463 2434 te
2512 2359 2864 2460 poeniteat
2921 2355 3173 2434 laboris
3221 2379 3555 2457 responso
3621 2356 3944 2455 impensi.
4041 2353 4436 2430 Literarum

1374 2473 1685 2588 stuqioso
1745 2475 1935 2550 laudi
1984 2483 2090 2553 est
2142 2477 2556 2554 Homericae
2603 2487 2890 2578 poeseos
2941 2485 3330 2554 accuratam
3389 2473 3641 2550 habere
3693 2473 4011 2550 notitiam
4036 2532 4057 2565 ‚
4105 2473 4295 2574 quod
4348 2473 4435 2549 de

1375 2599 1450 2668 te
1492 2595 1563 2668 in
1615 2595 1871 2672 iudicio
1918 2606 2391 2699 praeceptores
2438 2599 2544 2673 tui
2599 2606 2962 2674 testantur.
3037 2597 3314 2672 Novisti
3371 2594 3664 2696 patriam
3727 2601 4037 2670 nostram
4087 2594 4163 2668 in
4220 2593 4432 2668 literis

1374 2737 1501 2812 per
1540 2715 1819 2815 longam
1861 2740 2199 2792 annorum
2246 2719 2492 2794 seriem
2534 2718 2966 2819 principibus
3004 2718 3284 2818 gloriari
3325 2717 3505 2792 viris.
3607 2713 3720 2790 Tu
3757 2715 3976 2814 igitur
4007 2721 4079 2788 et
4115 2713 4436 2814 aequales

1374 2831 1521 2921 tui,
1570 2834 1917 2911 elaborate
1936 2894 1957 2925 ,
2010 2845 2091 2911 ut
2129 2837 2202 2912 in
2252 2845 2608 2938 posterum
2665 2839 2921 2915 avitam
2962 2837 3260 2938 regionis
3305 2845 3580 2913 nostrae
3632 2835 3923 2936 gloriam
3975 2832 4360 2911 tueamini!

1626 3051 2033 3142 (Recitatoer
2076 3057 2397 3131 iudicium
2446 3059 2533 3133 de
2579 3056 3238 3133 commentationibus
3283 3055 3370 3128 de
3411 3051 3918 3155 quaestionibus
3961 3055 4170 3143 iuris,

2178 3198 2357 3273 quae
2400 3198 2490 3250 ece
2535 3201 2660 3251 ωτι
2708 3175 3174 3275 ίείῳναρῆἰαε
3199 3178 3614 3271 profluunt.)

1466 3388 1623 3462 Iam
1673 3411 1793 3462 vos
1846 3398 2169 3488 exspecto
2189 3450 2210 3481 ,
2261 3392 2526 3491 egregii
2569 3393 2740 3466 iuris
2789 3340 3186 3479 candidati,
3237 3390 3454 3466 Asser
3495 3397 3567 3465 et
3611 3390 3998 3466 Willemier
4019 3448 4042 3479 ,
4091 3398 4172 3465 ut
4211 3387 4424 3462 virtu-

1376 3506 1465 3579 tis
1508 3507 1817 3605 praemia
1864 3509 2155 3608 petatis!

1469 3748 1767 3823 Gratum
1823 3748 2107 3844 quidem
2158 3748 2331 3823 mihi
2380 3759 2566 3825 esset
2589 3808 2610 3839 ,
2661 3750 2944 3849 utrique
2995 3758 3296 3825 vestrum
3317 3803 3340 3839 ,
3387 3749 3556 3850 quia
3601 3748 3752 3848 pari
3803 3748 4011 3825 laude
4065 3744 4423 3823 contendi-

1372 3866 1538 3953 stis,
1608 3890 1975 3941 nummum
2036 3893 2325 3945 aureum
2384 3871 2653 3947 tradere
2709 3894 2948 3972 posse;
2999 3892 3188 3943 nunc
3243 3893 3439 3958 vero,
3490 3893 3712 3968 quum
3759 3868 3911 3943 fieri
3965 3888 4104 3943 nou
4161 3864 4423 3965 possit,

1374 3984 1512 4071 illi,
1586 4007 1796 4082 quem
1858 4010 2004 4060 sors
2060 3987 2427 4078 indicavit,
2479 4016 2524 4065 a
2573 4014 2687 4065 me
2734 3990 3065 4065 tradetur.
3169 3989 3330 4063 Non
3383 3986 3631 4063 dubito
3678 3995 3949 4077 tamen,
4000 3985 4170 4085 quin
4213 3983 4423 4059 ambo

1372 4102 1595 4202 pluris
1646 4102 1911 4179 faciatis
1976 4104 2227 4180 laboris
2269 4109 2935 4205 comprobationem,
2984 4132 3196 4207 quam
3249 4134 3292 4183 a
3337 4108 3664 4185 facultate
3709 4106 4156 4196 obtinuistis,
4202 4128 4416 4203 quam

1376 4222 1523 4297 sive
1586 4245 2001 4312 nummum,
2026 4223 2219 4299 sive
2287 4226 2801 4315 membranam,
2868 4226 3128 4325 quibus
3187 4226 3309 4303 illa
3363 4228 3834 4328 comprobatio
3895 4235 4004 4303 est
4063 4224 4415 4324 inscripta.

1370 4342 1687 4442 Accipite
1736 4343 1991 4443 igitur,
2046 4352 2163 4433 tu,
2210 4346 2644 4423 ornatissime
2677 4346 2928 4423 Asser!
2976 4346 3364 4444 praemium
3399 4370 3723 4437 aureum,
3767 4392 3868 4411 -—
3909 4355 4029 4436 tu,
4065 4344 4416 4423 ornatissi-

1370 4484 1485 4539 me
1528 4462 1950 4540 Willemierl
2003 4465 2476 4542 testimonium
2521 4465 3010 4543 honorificum!

1470 4582 1919 4680 Physicorum
2005 4587 2287 4663 inventa
2360 4612 2502 4665 non
2565 4588 2800 4664 statim
2870 4584 3156 4685 quidem
3223 4584 3426 4683 plane
3505 4587 3974 4687 praebuerunt
4049 4582 4410 4661 materiem

1374 4702 1619 4776 vestris
1679 4704 2307 4805 disputationibus3
2358 4708 2482 4783 sed
2531 4714 2764 4783 tamen
2821 4728 3062 4781 ansam
3114 4703 3586 4803 praebuerunt
3605 4764 3626 4795 ,
3679 4713 3760 4780 ut
3805 4726 4026 4779 novae
4069 4700 4416 4777 eiusmodi

1370 4821 1814 4918 quaestiones
1860 4826 1932 4900 in
1992 4828 2141 4903 iure
2178 4828 2606 4905 exorirentur
2623 4884 2644 4915 ‚
2691 4826 2932 4926 quales
2975 4847 3095 4899 vos
3125 4824 3556 4903 tractavistis.
3657 4826 3771 4901 Ita
3803 4846 4212 4923 progressus
4247 4820 4418 4897 facti
