4942 6175
1852 717 2411 788 onA'rlo.
3513 719 3646 788 313

602 931 930 1015 omnibus
993 926 1302 1005 numeris
1350 933 1425 1002 et
1468 925 1787 1024 partibus
1830 927 2181 1027 percipere
2226 936 2297 1002 et
2348 951 2760 1028 cognoscere
2778 984 2798 1015 ,
2847 951 2974 1003 nec
3023 927 3300 1028 singula
3347 928 3446 1002 ita
3487 951 3650 1002 con-

604 1063 745 1130 tem
750 1051 923 1152 plari
943 1107 965 1138 ,
1031 1056 1111 1122 ut
1172 1045 1705 1120 necessitudinis
1744 1046 2079 1122 rationem
2134 1047 2467 1122 haberent
2486 1105 2507 1137 ,
2557 1072 2700 1146 qua
2740 1046 2976 1122 literae
3025 1047 3430 1122 coniunctae
3491 1053 3658 1121 sunt

604 1199 765 1251 eum
814 1167 1283 1269 temporibus,
1330 1164 1589 1265 quibus
1637 1167 1983 1264 prodeunt
2028 1167 2101 1242 in
2162 1168 2413 1242 lucem.
2517 1167 2676 1242 Vim
2723 1176 2796 1242 et
2845 1157 3207 1256 effectum,
3273 1190 3455 1266 quae
3505 1176 3652 1240 tam

609 1295 681 1370 in
744 1315 975 1367 rerum
1040 1297 1339 1375 statum,
1407 1309 1617 1384 quam
1681 1283 1757 1358 in
1818 1286 2130 1361 homines
2184 1287 2506 1385 aequales
2558 1287 2816 1362 habent
2839 1345 2860 1374 ‚
2909 1311 3292 1386 numquam
3333 1287 3654 1385 respicie-

613 1413 802 1488 bant.
902 1408 1189 1484 Nemini
1233 1406 1419 1480 venit
1458 1405 1531 1478 in
1587 1413 1931 1495 mentem,
1997 1430 2570 1506 unumquemque
2618 1406 3058 1504 scriptorem,
3119 1417 3198 1480 ut
3231 1406 3532 1508 ‘fingitur
3581 1413 3656 1480 et

622 1532 1032 1607 informatur
1075 1526 1165 1603 ab
1212 1526 1381 1624 ipsis
1428 1524 1687 1624 quibus
1738 1525 1905 1599 vivit
1952 1525 2377 1625 temporibus
2395 1584 2416 1613 ‚
2482 1526 2580 1600 ita
2623 1526 2856 1625 ipsum
2907 1537 3216 1624 tempora
3260 1526 3376 1600 illa
3421 1551 3656 1624 regere

614 1676 815 1752 posse
875 1658 947 1724 et
1020 1646 1381 1721 moderari.
1478 1644 1594 1718 Ad
1654 1669 2053 1720 summum:
2146 1645 2599 1719 Alexandrini
2659 1668 2910 1744 magna
2967 1645 3251 1743 quidem
3317 1645 3662 1721 industria

614 1780 687 1847 et
752 1769 1156 1844 assiduitate
1222 1764 1537 1862 occupati
1609 1763 1893 1837 fuerunt
1952 1763 2023 1838 in
2090 1763 2610 1862 impedimentis
2651 1762 3119 1852 removendis,
3172 1788 3350 1862 quae
3391 1764 3659 1838 aditum

613 1891 705 1965 ad
765 1890 1115 1963 literarum
1182 1886 1415 1958 hortos
1466 1883 1746 1958 floridos
1799 1892 1871 1958 et
1920 1883 2283 1983 frugiferos
2344 1883 2846 1982 praecludunt,
2897 1883 3021 1956 sed
3079 1890 3157 1956 ut
3206 1882 3343 1981 ipsi
3391 1908 3511 1956 eos
3555 1884 3664 1958 in-

616 2017 916 2096 trarent,
967 2029 1347 2104 numquam
1396 2027 1675 2104 operam
1726 2002 2087 2077 dederunt.

659 2223 663 2227 Α
715 2247 817 2320 Αι
902 2245 1039 2318 iam
1126 2267 1207 2317 eo
1293 2241 1621 2341 processit
1709 2241 1964 2329 oratio,
2050 2249 2130 2316 ut
2214 2240 2588 2337 aliquando
2669 2240 2966 2315 rationes
3033 2241 3204 2314 mihi
3277 2241 3666 2316 reddendas

642 2391 791 2442 esse
862 2363 1291 2461 intelligam,
1371 2359 1815 2459 quamobrem
1891 2371 2033 2435 tam
2112 2360 2235 2435 diu
2300 2371 2763 2436 commoratus
2827 2361 2956 2434 sim
3035 2361 3106 2433 in
3181 2360 3488 2436 doctrina
3554 2363 3674 2438 illa

634 2483 1104 2560 Alexandrina
1148 2481 1339 2556 vobis
1374 2480 1875 2555 adumbranda.
1954 2481 2116 2554 Duo
2152 2491 2349 2567 sunt,
2401 2483 2488 2555 A.
2524 2480 2664 2567 H.,
2715 2504 2893 2579 quae
2933 2505 3046 2554 me
3087 2505 3168 2555 eo
3208 2482 3670 2558 adduxerunt.

728 2604 1038 2679 Primum
1060 2660 1082 2690 ,
1153 2600 1518 2688 omnibus,
1586 2600 1711 2697 qui
1774 2599 2125 2674 literarum
2198 2600 2506 2674 studium
2579 2598 2814 2673 fovent
2879 2606 2950 2673 et
3009 2600 3282 2689 colunt,
3357 2601 3525 2676 utile
3598 2612 3672 2676 et

646 2722 1102 2798 necessarium
1160 2746 1313 2796 esse
1357 2720 1713 2808 existimo,
1773 2721 2296 2826 nonnumquam
2348 2720 2724 2819 respicere,
2775 2720 3123 2818 quomodo
3169 2719 3286 2794 alii
3331 2722 3494 2795 olim
3553 2723 3674 2796 iis-

644 2843 803 2918 dem
872 2867 946 2917 se
1016 2841 1351 2917 dederint.
1451 2842 1635 2914 Nam
1661 2898 1681 2929 ,
1753 2849 1835 2914 ut
1896 2840 1970 2914 in
2032 2840 2276 2914 ceteris
2334 2841 2722 2924 studiorum
2789 2839 3196 2939 generibus,
3261 2841 3360 2928 ita
3421 2842 3493 2914 in
3551 2842 3678 2916 boc

645 2987 923 3061 quoque
958 2961 1187 3035 nullos
1219 2961 1485 3035 fluctus
1520 2985 1756 3036 eorum
1800 2961 2143 3036 industria
2183 2958 2483 3059 proferre
2524 2970 2756 3058 potest
2778 3017 2798 3048 ,
2851 2960 2974 3058 qui
3015 2960 3112 3034 ita
3149 2960 3220 3033 in
3267 2959 3395 3034 hoo
3431 2985 3677 3060 campo

647 3081 998 3157 elaborant
1016 3141 1037 3171 ,
1086 3092 1167 3156 ut
1216 3081 1527 3157 nesciant
1542 3140 1563 3170 ‚
1612 3107 1821 3180 quem
1867 3081 2169 3155 laborem
2222 3081 2449 3179 operis
2500 3081 2664 3155 socii
2709 3080 2778 3154 in
2828 3079 2978 3154 aliis
3027 3079 3410 3155 recessibus
3459 3081 3694 3155 susci--

640 3202 834 3302 piant
876 3212 945 3275 et
998 3202 1134 3276 iam
1181 3213 1388 3276 antea
1437 3202 1886 3301 susceperint.
1988 3202 2138 3275 Nec
2184 3202 2470 3275 minime
2523 3212 2706 3275 certe
2755 3194 2844 3275 ad
2890 3200 3041 3273 eius
3085 3200 3330 3275 aetatis
3369 3213 3676 3275 contem-

650 3322 1023 3417 plationem
1092 3322 1505 3396 attrahimur
1569 3332 1641 3396 et
1706 3322 2083 3410 allicimur,
2154 3346 2293 3420 qua
2352 3321 2650 3420 primum
2713 3345 2796 3395 ea
2849 3321 3108 3397 litteras
3171 3323 3510 3397 tractandi
3575 3322 3684 3396 via

648 3452 883 3537 aperta
935 3449 1041 3513 est
1060 3497 1081 3527 ,
1130 3466 1341 3537 quam
1382 3442 1709 3540 deinceps
1754 3442 2003 3540 ingens
2050 3442 2482 3516 eruditorum
2531 3465 2864 3516 numerus
2914 3444 3372 3541 prosperrimo
3427 3451 3708 3515 eventu.

637 3560 989 3658 ingressus
1037 3565 1163 3634 est.

740 3676 935 3751 Haec
997 3677 1219 3774 prima
1279 3698 1487 3751 causa
1540 3684 1683 3764 est,
1744 3676 1834 3751 ob
1899 3701 2110 3775 quam
2156 3677 2245 3751 de
2287 3678 2914 3755 Alexandrinorum
2969 3679 3276 3755 doctrina
3326 3681 3532 3755 verba
3577 3681 3676 3757 fa-

641 3822 793 3871 cere
852 3795 1265 3871 instituerim
1288 3854 1307 3884 ,
1370 3796 1493 3871 sed
1557 3796 1724 3883 alia,
1778 3821 1997 3895 eaque
2054 3796 2405 3897 aliquanto
2446 3799 2751 3899 gravior,
2807 3800 3028 3898 magis
3075 3800 3286 3875 etiam
3332 3824 3445 3874 me
3487 3826 3704 3875 com-.

644 3915 877 3989 movit.
1850 3974 1856 3981 .

716 4014 1021 4108 *Etenim
1072 4034 1284 4121 ratio,
1332 4058 1542 4132 quam
1591 4033 1915 4133 permulti
1967 4033 2091 4108 viri
2136 4034 2323 4108 docti
2370 4036 2441 4108 in
2498 4036 2718 4134 patria
2770 4044 3002 4111 nostra
3049 4037 3158 4111 his
3203 4036 3454 4111 nostris
3501 4044 3677 4110 tem-

651 4154 935 4254 poribus
1002 4154 1074 4226 in
1142 4153 1493 4228 literarum
1542 4156 1983 4253 antiquarum
2038 4155 2289 4230 studiis
2332 4156 2532 4252 sequi
2579 4156 2839 4244 solent,
2887 4156 3398 4255 quodammodo
3439 4157 3682 4231 similis

621 4273 821 4353 „mihi
899 4272 1169 4346 videtur
1226 4273 1366 4360 illi,
1442 4298 1581 4371 qua
1639 4274 2091 4349 Grammatici
2149 4276 2602 4349 Alexandrini
2657 4276 2824 4349 olim
2881 4276 3126 4350 iisdem
3183 4301 3256 4350 se
3311 4276 3676 4350 dederunt.

656 4392 889 4467 Hodie
944 4393 1151 4466 etiam
1216 4392 1419 4467 multi
1470 4393 1823 4469 literarum
1876 4394 2171 4469 studiosi
2215 4396 2305 4469 ad
2360 4396 2565 4468 verba
2623 4396 3012 4492 formasque
3053 4395 3378 4469 orationis
3431 4397 3712 4493 magis„

656 4536 863 4610 quum
908 4511 996 4585 ad
1038 4534 1149 4585 res
1187 4511 1901 4587 animos-intendunt.
2002 4514 2261 4589 Eodem
2316 4513 2457 4587 fere
2507 4538 2647 4611 quo
2697 4525 2864 4589 tunc
2907 4515 3146 4604 modo,
3184 4538 3295 4589 ars
3334 4516 3566 4590 critica
3613 4526 3687 4589 et

662 4630 1111 4730 grammatica
1177 4632 1546 4706 literarum·
1581 4633 1797 4706 studii
1838 4658 2039 4733 prora
2060 4692 2081 4721 ‚
2132 4643 2213 4708 ιιι
2250 4634 2544 4722 dicunt,
2588 4644 2658 4707 et
2711 4635 2966 4734 puppis
3011 4634 3194 4709 facta
3251 4646 3396 4723 est3
3439 4636 3512 4709 in
3567 4636 3693 4710 hac
3813 4624 3826 4645 '

662 4758 845 4825 totos
908 4750 1035 4825 viri
1098 4750 1283 4827 docti
1336 4776 1419 4825 se
1454 4752 1810 4829 collocare
1875 4754 2137 4842 solent,
2200 4753 2276 4827 in
2294 4808 2321 4825 -,
2342 4754 2662 4829 humela
2715 4778 2913 4829 mens
2945 4742 3208 4832 eorum
3255 4766 3328 4829 et
3369 4755 3696 4857 cogitatio

664 4879 987 4945 versatur.
2277 4878 2284 4885 ’

3256 5002 3351 5071 40
