4942 6175
1299 667 1427 736 162
2415 666 2485 733 F.
2549 665 2620 732 Ζ.
2681 663 3244 730 ERMERINS

1288 875 1429 952 frui
1490 875 1747 975 peteris
1770 931 1791 962 ‚
1852 898 2081 973 quum
2136 881 2205 948 te
2254 896 2540 972 qumque
2597 870 2922 968 cupiente
2965 870 3108 946 iam
3159 869 3576 970 designatus
3617 870 3708 948 sit
3761 868 3888 968 qni
3929 868 4069 946 tibi
4107 893 4346 946 sncce-

1293 996 1417 1071 dat
1434 1054 1455 1083 ,
1524 994 1968 1070 doctism‘mus
2036 993 2383 1068 Salverda.
2499 993 2638 1066 Per
2703 989 2936 1064 multa
2983 1015 3150 1064 sane
3211 990 3434 1065 lustra
3501 990 3806 1088 primum
3857 990 3936 1062 in
4007 989 4344 1065 athenaeo

1290 1116 1821 1212 Franequerano
1839 1168 1861 1201 ,
1930 1099 2091 1186 dein
2154 1111 2229 1186 in
2292 1111 2739 1186 universitate
2793 1108 3250 1208 Groningana
3307 1108 3603 1184 doctoris
3663 1107 4042 1184 academici
4103 1109 4344 1184 officiis

1286 1234 1568 1310 functus
1612 1258 1726 1320 es,
1776 1231 1969 1330 quod
2012 1231 2367 1330 quomodo
2404 1230 2730 1304 emnium
2775 1251 3120 1304 consensu
3169 1228 3454 1317 iecoris,
3503 1251 3638 1326 ego
3677 1236 3748 1302 te
3793 1237 4154 1326 praesente
4197 1251 4338 1303 non

1288 1354 1536 1428 dicam.
1638 1353 1773 1426 Per
1824 1351 2103 1450 longam
2164 1360 2360 1426 tuam
2405 1350 2616 1424 vitam
2639 1407 2659 1438 ,
2712 1349 2820 1422 uti
2867 1347 3100 1423 ferunt
3138 1373 3248 1424 res
3289 1349 3636 1423 humanae
3657 1405 3678 1436 ,
3723 1346 3985 1422 variam
4017 1353 4346 1446 expertus

1286 1497 1361 1546 es
1404 1471 1775 1546 fortunam.
1879 1470 2061 1544 Cum
2112 1481 2345 1545 autem
2394 1495 2482 1544 ex
2527 1469 2658 1542 hoc
2705 1469 2853 1542 loco
2903 1476 2974 1540 te
3025 1467 3336 1567 appello,
3405 1466 3546 1540 duo
3600 1489 3764 1564 prae
3813 1465 3966 1540 aliis
4011 1465 4104 1539 ob
4150 1489 4342 1540 men-

1282 1601 1427 1666 tem
1500 1589 1675 1666 mihi
1749 1596 2108 1664 versantur
2172 1589 2355 1664 bona
2372 1646 2392 1675 ,
2452 1612 2641 1685 quae
2703 1586 3174 1662 crescentibus
3233 1585 3434 1661 annis
3487 1585 3760 1684 integra
3805 1585 3938 1659 tibi
3979 1593 4152 1660 sunt
4199 1609 4340 1660 ser-

1287 1720 1483 1788 vata:
1550 1708 1939 1784 studiorum
1998 1733 2191 1783 amm
2234 1715 2307 1782 et
2345 1707 2562 1782 animi
2613 1707 2922 1781 hilaritas
2944 1765 2965 1794 ,
3033 1730 3218 1804 quae
3261 1714 3514 1780 mutuo
3556 1704 3738 1778 inter
3781 1729 3856 1778 se
3899 1705 4338 1802 conspirant,

1292 1839 1371 1904 ut
1430 1830 1643 1904 vitam
1718 1852 2080 1902 amoenam
2141 1826 2273 1900 tibi
2324 1827 2620 1901 reddant
2687 1813 2898 1922 atque
2947 1825 3346 1900 iucundam.
3443 1826 3556 1899 Tu
3597 1824 3748 1900 tuis
3793 1823 4006 1898 rebus
4059 1849 4136 1898 es
4179 1850 4340 1900 con·

1284 1959 1559 2037 tentus3
1610 1955 2017 2024 contentum
2078 1953 2314 2024 autem
2364 1947 2512 2021 suis
2565 1969 2716 2020 esse
2753 1944 2964 2019 rebus
2983 2002 3004 2033 ,
3069 1953 3151 2018 ut
3191 1943 3328 2018 fert
3367 1944 3696 2043 adagium
3721 2001 3742 2032 ,
3791 1943 4138 2018 maximae
4177 1952 4342 2020 sunt

1282 2066 1843 2164 certissimaeque
1910 2066 2213 2140 divitiae.
2330 2065 2515 2140 Sunt
2581 2089 2740 2139 vero
2793 2065 2927 2138 tibi
2979 2063 3336 2151 certiores,
3404 2065 3569 2162 quia
3628 2062 3900 2140 fructus
3963 2073 4132 2140 sunt
4187 2089 4338 2163 per-

1277 2186 1473 2285 petui
1527 2195 1711 2260 recte
1764 2184 2103 2260 factorum
2172 2185 2630 2260 conscientiae
2654 2245 2674 2274 ,
2712 2209 2889 2283 quae
2928 2182 3213 2281 quidem
3257 2192 3683 2258 senectutem
3721 2183 3906 2258 alere
3949 2191 4022 2258 et
4063 2191 4334 2258 susten·

1282 2315 1426 2382 tare
1484 2313 1771 2404 putatur
1808 2312 1881 2380 et
1926 2329 2140 2402 quam
2204 2305 2279 2378 in
2338 2311 2407 2378 te
2460 2305 2652 2378 idem
2701 2312 3136 2380 ostensuram
3183 2327 3334 2376 esse
3382 2328 3764 2403 speramus.
3863 2304 4018 2377 Nos
4069 2310 4140 2376 te
4193 2327 4330 2378 non

1274 2424 1705 2523 privabimur
1726 2481 1746 2512 ,
1820 2423 1945 2497 sed
2016 2423 2381 2522 nobiscum
2410 2481 2429 2512 ,
2507 2423 2698 2521 quod
2771 2423 3031 2498 laetum
3098 2421 3300 2496 nobis
3376 2422 3719 2522 contingit
3737 2479 3757 2510 ,
3833 2447 3986 2496 esse
4063 2445 4332 2521 perges.

1269 2546 1616 2643 Optamus
1678 2543 1823 2618 fore
1843 2602 1864 2633 ,
1940 2551 2020 2617 ut
2074 2543 2201 2617 diu
2258 2542 2532 2617 felicem
2579 2541 2792 2617 vitam
2825 2541 3083 2640 degere
3123 2540 3258 2614 tibi
3294 2542 3754 2631 concedatur,
3802 2550 3888 2617 ut
3931 2542 4130 2618 uxori
4170 2550 4330 2618 tuae

1266 2679 1335 2737 et
1402 2663 1545 2738 filio
1565 2721 1585 2750 ,
1661 2670 1742 2737 ut
1788 2662 2071 2751 amicis,
2122 2687 2299 2761 quos
2342 2663 2600 2736 multos
2652 2662 2866 2736 habes
2882 2720 2904 2750 ,
2953 2685 3154 2736 mrus
3171 2718 3192 2749 ,
3241 2660 3652 2737 facultatum
3699 2661 4104 2761 integritate
4121 2719 4143 2749 ,
4188 2662 4330 2737 ala-

1266 2783 1511 2856 critate
1577 2782 1669 2856 ad
1734 2781 1965 2856 studia
1988 2837 2009 2868 ,
2076 2781 2225 2856 sine
2285 2779 2546 2878 quibus
2613 2780 2756 2854 vita
2820 2781 2951 2854 tibi
3005 2803 3190 2856 mors
3243 2780 3374 2870 sit,
3439 2781 3587 2856 otio
3631 2789 3758 2858 tuo
3809 2781 4162 2881 gaudeas,
4225 2787 4328 2856 at-

1269 2927 1407 3000 que
1470 2903 1569 2976 ita
1632 2900 1751 2976 illo
1810 2899 2063 2988 utaris,
2122 2908 2206 2974 nt
2278 2900 2471 2975 omni
2535 2899 2816 2975 nomine
2877 2899 3099 2974 otium
3165 2923 3328 2974 cum
3391 2900 3771 3000 dignitate,
3831 2942 3932 2964 --
3981 2899 4056 2974 id
4107 2907 4215 2976 est
4255 2909 4326 2976 te

1268 3022 1563 3120 dignum
1586 3077 1607 3109 ,
1656 3065 1755 3082 --
1800 3019 2070 3095 dicatur
2120 3027 2191 3094 et
2240 3019 2597 3095 habeatur.

1358 3140 1584 3214 Venio
1636 3140 1729 3214 ad
1774 3162 1895 3213 vos
1914 3198 1934 3229 ,
2004 3140 2289 3214 iuvenes
2335 3138 2795 3227 ornatissimi,
2849 3138 3244 3213 academiae
3295 3139 3788 3238 Gmninganae
3826 3140 4058 3215 cives!
4111 3140 4320 3220 Quod

1262 3283 1426 3333 cum
1492 3257 1670 3332 facio
1688 3314 1709 3345 ,
1772 3259 2011 3332 statim
2078 3259 2385 3333 dolorem
2441 3282 2768 3334 renovare
2821 3256 3044 3331 debeo
3058 3316 3078 3345 ,
3127 3281 3274 3357 quo
3327 3256 3560 3333 affecti
3605 3259 3838 3333 fuistis
3880 3260 4132 3335 acerbo
4179 3259 4320 3335 fato

1264 3377 1473 3451 vestri
1554 3376 1783 3450 Harm
1865 3376 2120 3453 Albert
2190 3378 2516 3477 Tresling
2534 3436 2556 3467 ,
2623 3378 2754 3477 qui
2827 3376 3078 3451 flebilis
3142 3375 3328 3451 tristi
3395 3378 3599 3452 morti
3666 3379 3999 3455 occubuit
4067 3380 4318 3454 brevis-

1264 3497 1439 3571 simo
1512 3504 1820 3594 tempore
1886 3504 2256 3597 postquam
2325 3506 2522 3596 pater
2591 3498 2742 3572 eius
2768 3556 2789 3585 ,
2862 3497 2963 3569 vir
3015 3495 3574 3594 expertissimus,
3645 3522 3688 3571 e
3737 3498 3880 3573 vita
3917 3506 4314 3575 &cesserat

1262 3616 1427 3689 Fuit
1464 3614 1583 3689 ille
1632 3614 1876 3690 ceteris
1896 3674 1917 3705 ,
1964 3618 2093 3715 qui
2142 3642 2303 3691 eum
2355 3616 2732 3705 docebant,
2783 3615 3343 3716 praeceptoribus
3373 3616 3686 3715 mihique
3731 3618 4122 3718 discipulus
4165 3640 4318 3717 pro-

1264 3736 1681 3811 batissimus.
1750 3735 1984 3812 Multa
2020 3736 2207 3811 enim
2234 3737 2540 3812 habebat
2559 3797 2579 3826 ,
2627 3737 2888 3837 quibus
2927 3761 3002 3809 se
3033 3736 3602 3825 commendabat3
3641 3778 3739 3799 --
3756 3762 4032 3813 morum
4058 3738 4317 3837 purita-

1262 3867 1403 3929 tem
1425 3912 1445 3941 ,
1510 3854 1726 3928 animi
1784 3856 2194 3931 modestiam
2240 3865 2313 3931 et
2352 3858 2725 3933 candorem
2745 3914 2766 3945 ,
2836 3854 3229 3930 studiorum
3277 3879 3619 3944 amorem,
3667 3856 4026 3956 ingenium
4073 3856 4316 3932 docile.

1267 3977 1469 4051 Quae
1520 3972 1809 4044 virtutes
1854 3972 2165 4049 fecerunt
2186 4033 2206 4064 ,
2270 3985 2351 4051 ut
2395 4000 2562 4051 cum
2607 3974 3203 4051 commilitonibus
3251 3974 3326 4048 in
3374 3976 3596 4073 gratia
3645 3986 3826 4053 esset
3843 4035 3864 4065 ,
3937 3986 4018 4053 ut
4067 4001 4112 4051 a
4160 3998 4314 4074 pro·

1264 4089 1641 4167 fessoribus
1694 4089 2121 4189 diligeretur.
2222 4094 2498 4191 Vigiliis
2520 4154 2540 4183 ,
2601 4095 2785 4171 curis
2805 4154 2825 4183 ,
2891 4094 3176 4169 tristitia
3238 4094 3379 4169 iam
3427 4095 3796 4192 postremis
3847 4094 4038 4193 longi
4092 4091 4316 4169 morbi

1266 4211 1478 4311 patris
1496 4266 1518 4299 ,
1584 4233 1797 4307 quem
1839 4211 2030 4285 omni
2076 4236 2217 4309 qua
2261 4212 2483 4285 filium
2527 4213 2732 4287 decet
2773 4214 3030 4311 pietate
3083 4214 3386 4302 colebat,
3450 4213 3700 4289 diebus
3743 4214 4074 4303 affectas,
4124 4213 4316 4287 brevi

1270 4340 1425 4433 post
1486 4329 1791 4430 parentis
1856 4329 2073 4405 funus
2132 4332 2369 4407 studia
2416 4331 2734 4431 repetivit
2787 4332 2988 4406 solita
3035 4341 3109 4405 et
3155 4333 3228 4405 in
3277 4334 3672 4408 nosocomio
3713 4334 4036 4409 morbum
4079 4342 4311 4407 conta-

1266 4453 1539 4551 giosum
1560 4508 1580 4539 ,
1651 4474 1795 4549 quo
1870 4450 2261 4527 laborantes
2336 4452 2772 4540 visitaverat,
2846 4452 3209 4528 :contraxit
3329 4453 3416 4527 In
3473 4454 3718 4527 morbo
3766 4452 3886 4529 illo
3923 4451 4176 4528 deliria
4225 4451 4313 4526 de

1263 4572 1463 4645 obitu
1481 4628 1501 4657 ,
1552 4570 1639 4643 de
1691 4569 1931 4644 funere
1973 4569 2272 4661 futuris3
2326 4571 2609 4646 tandem
2660 4571 2884 4647 morbi
2936 4570 3408 4647 vehementiae
3451 4572 3842 4649 succubuit.
3937 4573 4314 4647 Neminem

1262 4690 1461 4777 novi,
1504 4688 1635 4785 qui
1674 4712 1915 4763 casum
1950 4690 2219 4764 tristem
2268 4690 2544 4765 audiret
2559 4748 2580 4779 ,
2631 4691 2801 4789 quin
2845 4690 3082 4766 dolore
3117 4690 3558 4791 affligeretur.
3638 4693 3903 4767 Omnes
3937 4691 4312 4767 miserebat

1260 4808 1530 4885 iuvenis
1574 4805 1649 4886 in
1694 4808 1941 4883 aetatis
1986 4809 2155 4883 flore
2201 4810 2560 4898 exstincti,
2607 4832 2852 4887 omnes
2903 4810 3146 4887 matris
3164 4870 3186 4900 ,
3235 4836 3418 4911 quae
3465 4836 3687 4913 nuper
3728 4813 4026 4911 coniuge
4069 4812 4312 4887 orbata
