4942 6175
1403 654 1488 721 20
1960 738 1966 745 ,
2303 662 2380 727 a.
2431 660 2637 759 'van
2696 656 3161 728 nonnul.
3218 659 3545 727 muna

1394 864 1578 939 trina
1594 921 1617 953 ,
1678 865 1770 941 de
1829 864 2129 941 sollertia
2177 874 2249 941 et
2287 866 2609 942 acumine
2649 865 2912 964 ingenii
2959 864 3187 963 deque
3232 862 3579 939 scribendi
3628 866 4045 965 dicendique
4096 865 4445 966 elegantia

1393 990 1466 1059 et
1511 992 1870 1061 venustate
1888 1043 1910 1075 ,
1960 1010 2138 1085 quae
2177 1008 2365 1059 nunc
2413 992 2605 1058 tenet
2658 984 2967 1083 legentes
3012 991 3095 1058 ut
3134 981 3301 1057 olim
3345 984 3696 1060 auditores
3735 985 3829 1061 ab
3872 986 4061 1061 illius
4104 1008 4222 1061 ore
4272 1010 4441 1086 pen-

1393 1103 1674 1181 debant.
1775 1104 2121 1180 Dixerunt
2184 1103 2301 1177 alii
2361 1110 2434 1177 et
2494 1102 2731 1179 dicent
2786 1102 2874 1177 de
2922 1102 3187 1201 ingenii
3242 1104 3711 1179 monumentis
3728 1162 3749 1194 ‚
3818 1105 4076 1203 quibus
4126 1105 4263 1181 sibi
4304 1104 4445 1205 ipsi

1387 1237 1922 1299 monumentum
1967 1248 2124 1297 aere
2165 1224 2539 1321 perennius
2588 1223 2843 1323 posuit.
2944 1224 3105 1299 Non
3152 1231 3261 1297 est
3307 1247 3539 1298 meum
3586 1224 3759 1324 quid
3803 1223 3877 1298 in
3931 1248 4216 1324 quoque
4263 1224 4443 1301 libro

1387 1342 1805 1442 praestiterit
1827 1366 2142 1418 enarrare
2166 1401 2187 1432 ,
2233 1342 2493 1417 nedum
2526 1342 2926 1418 diiudicare.
2998 1344 3361 1423 Quantum
3402 1343 3477 1417 in
3512 1342 3793 1419 Graecis
3827 1341 4114 1420 Litteris
4150 1344 4442 1420 valuerit

1383 1462 1776 1562 Xenophon
1820 1462 2164 1561 Ephesius
2211 1462 2512 1537 declarat
2530 1519 2551 1551 ,
2601 1486 2782 1560 quae
2822 1462 3031 1537 fuerit
3073 1463 3147 1536 in
3190 1462 3344 1562 ipso
3386 1461 3657 1561 poetica
3697 1461 3989 1537 facultas
4022 1461 4097 1537 et
4130 1464 4442 1539 carmina

1380 1607 1562 1683 quae
1629 1583 1876 1682 panxit
1935 1590 2349 1681 argumento
2410 1589 2577 1656 sunt
2595 1639 2617 1669 ‚
2687 1581 2761 1655 et
2822 1581 3247 1657 admirabilis
3299 1581 3417 1656 illa
3468 1582 3815 1670 Censura,
3872 1606 4089 1680 quam
4152 1583 4301 1683 egit
4362 1583 4439 1659 in

1375 1726 1618 1776 omnes
1685 1703 1810 1802 qui
1875 1703 1950 1777 iu
2015 1701 2240 1801 patria
2311 1709 2547 1776 nostra
2614 1701 2901 1777 Latinas
2972 1702 3219 1775 Musas
3293 1699 3673 1775 coluerunt.
3802 1701 3999 1776 Nihil
4072 1702 4193 1777 illo
4258 1703 4439 1779 libro

1377 1822 1612 1896 sanius
1631 1879 1652 1909 ,
1704 1822 1881 1896 nihil
1919 1820 2278 1895 venustius
2318 1819 2607 1919 cogitari
2647 1828 2899 1918 potest.
2999 1818 3457 1894 Verissimum
3494 1828 3601 1895 est
3634 1820 3824 1919 quod
3860 1821 3949 1897 cl.
3994 1822 4179 1897 Boot
4214 1846 4439 1921 nuper

1373 1940 1882 2039 pronuntiavit:
1959 1970 1996 2009 n
2007 1940 2111 2014 vel
2180 1940 2282 2013 illi
2352 1940 2493 2039 qui·
2543 1940 2781 2037 poesin
2858 1938 3179 2013 Latinam
3246 1946 3706 2013 contemnunt
3726 1995 3747 2026 ,
3798 1938 4173 2039 benignius
4224 1941 4315 2016 de
4354 1964 4439 2016 ea

1375 2067 1679 2133 statuere
1741 2059 2037 2149 debent,
2108 2057 2298 2159 quod
2316 2116 2337 2147 ,
2405 2058 2482 2131 ni
2541 2058 2836 2133 maiores
2904 2057 3121 2131 nostri
3183 2058 3487 2132 carmina
3534 2056 3786 2132 Latina
3831 2082 4133 2157 pangere
4182 2059 4435 2134 voluis-

1374 2187 1573 2268 sent,
1654 2178 2178 2278 Peerlkampius
2253 2177 2460 2253 talem
2538 2177 2795 2252 librum
2876 2175 3171 2252 scribere
3251 2200 3389 2250 non
3460 2175 3875 2275 potuisset.'’
3992 2176 4133 2251 Sed
4206 2177 4439 2253 omnis
4508 2235 4521 2245 .

1370 2298 1634 2397 ingenii
1697 2298 2250 2399 Peerlkampiani
2315 2298 2416 2371 vis
2467 2304 2541 2371 et
2588 2298 2785 2396 copia
2831 2305 2905 2371 et
2952 2294 3244 2371 vai-letas
3290 2306 3361 2369 et
3404 2290 3698 2370 acumen
3744 2296 3817 2369 in
3862 2296 4022 2371 crisi
4072 2305 4439 2395 poetarum

1369 2418 1842 2493 Romanorum
1866 2476 1887 2505 ‚
1958 2418 2030 2492 in
2101 2416 2392 2491 Horatio
2463 2416 2865 2514 praesertim
2934 2414 3365 2513 Virgilioque
3382 2502 3402 2507 ,
3438 2416 3761 2489 cernitur.
3884 2416 4126 2491 Idonei
4184 2417 4433 2492 harum

1365 2560 1597 2611 rerum
1668 2536 1935 2611 iudices
2006 2535 2077 2610 in
2147 2535 2256 2609 his
2324 2534 2887 2633 Peerlkampium
2955 2558 3117 2610 cum
3188 2534 3509 2609 Bentleio
3556 2543 4005 2633 componunt.
4108 2536 4309 2611 Idem
4356 2534 4434 2610 in

1367 2663 1666 2754 utroque
1720 2656 1974 2729 mentis
2031 2653 2545 2729 sollertissimas
2613 2676 2905 2749 acumen
2921 2710 2942 2741 ,
3010 2653 3249 2728 eadem
3318 2652 3669 2727 doctrinae
3718 2652 4130 2731 inexhausta
4176 2655 4383 2755 eopia
4404 2712 4425 2744 ‚

1365 2775 1608 2849 eadem
1655 2774 1978 2850 dictionis
2014 2772 2467 2874 perspicuitas
2506 2780 2579 2847 et
2628 2772 2929 2847 ubertas.
3034 2773 3176 2847 Sed
3223 2774 3463 2847 vivunt
3503 2770 3673 2847 haec
3704 2780 3777 2847 et
3812 2782 3974 2848 sunt
4006 2773 4079 2847 in
4108 2775 4427 2848 omnium

1363 2892 1690 2968 manibus
1755 2916 1982 2992 neque
2040 2892 2454 2991 cuiusquam
2516 2891 2884 2992 praeconio
2954 2892 3295 2991 indigent.
3396 2894 3551 2967 Nos
3602 2916 3729 2991 pro
3776 2892 4035 2992 ingenii
4088 2893 4437 2967 tenuitate

1359 3012 1528 3088 satis
1602 3011 1938 3088 habemus
2004 3012 2234 3111 palam
2309 3010 2655 3087 declarare
2723 3012 2971 3110 quanti
3038 3010 3374 3088 faciamus
3444 3012 3603 3088 talis
3664 3011 3789 3084 viri
3846 3011 4251 3088 memoriam
4272 3070 4293 3102 ,
4360 3019 4436 3089 et

1358 3137 1782 3229 quantopere
1868 3130 2250 3205 Academia
2337 3129 2992 3228 Lugduno-Batava
3063 3129 3543 3230 Peerlkampio
3619 3131 3953 3230 glorietur
3969 3188 3990 3219 ,
4075 3133 4433 3230 finemque

1359 3248 1653 3324 facimus
1692 3249 1762 3323 in
1815 3248 2096 3324 Horatii
2138 3247 2556 3348 Virgiliique
2604 3248 2958 3324 versieulis
2977 3307 2999 3337 ‚
3051 3249 3315 3347 quibus
3352 3251 3469 3326 ille
3510 3250 3891 3350 plurimum
3932 3250 4429 3328 delectabatur.

1359 3369 1509 3468 Ipsi
1556 3369 1668 3444 ius
1715 3377 1864 3444 erat
1911 3368 2087 3444 illud
2137 3367 2416 3443 Horatii
2467 3392 2839 3467 usurparet

2155 3507 2304 3620 Non
2349 3555 2551 3620 omnis
2594 3523 2857 3637 moriar,
2903 3577 3245 3643 magnaque
3286 3577 3426 3642 pars
3470 3554 3593 3622 mei

2163 3663 2399 3730 Vitabit
2441 3663 2782 3731 Libitinam

1361 3848 1433 3916 et
1475 3841 1810 3939 quamdiu
1867 3838 2080 3914 stabit
2126 3839 2506 3915 Academia
2555 3839 3245 3937 Lugduno-Batava,
3294 3837 3631 3936 quamdiu
3685 3837 3931 3912 litteris
3982 3863 4155 3915 suus
4200 3839 4425 3915 honos

1361 3958 1742 4047 constabit,
1793 3959 2062 4032 tamdiu
2103 3959 2176 4032 in
2225 3965 2332 4046 te,
2383 3958 2679 4033 candida
2734 3958 3003 4044 anima,
3054 3959 3255 4032 cadet
3298 3957 3507 4030 illud:

1939 4135 2190 4223 Semper
2231 4135 2430 4201 honos
2471 4155 2817 4220 nomenque
2862 4141 3041 4201 tunm
3083 4135 3416 4220 laudesque
3459 4135 3813 4204 manebunt.

1459 4305 1786 4385 Diximus
1852 4310 1940 4386 de
2013 4335 2213 4400 sene,
2279 4333 2490 4409 quem
2534 4307 2962 4407 grandiores
3029 4317 3199 4384 natu
3269 4317 3581 4382 nostrum
3652 4308 3975 4384 viderunt
4028 4319 4101 4384 et
4147 4334 4423 4385 amave-

1363 4438 1569 4518 runt,
1620 4430 1932 4505 dicamus
1971 4454 2160 4505 nunc
2211 4429 2299 4503 de
2338 4428 2456 4503 illo
2476 4487 2497 4516 ‚
2549 4451 2760 4527 quem
2805 4451 3048 4502 omnes
3094 4429 3432 4516 vidimus,
3486 4451 3695 4524 quem
3740 4429 4112 4504 dileximus
4148 4453 4421 4504 omnes.

1463 4551 1700 4628 Quam
1761 4575 1966 4648 saepe
2027 4550 2167 4624 iam
2227 4547 2580 4623 nominavi
2646 4546 2845 4620 illum
2902 4547 3121 4620 virum
3146 4603 3167 4635 ,
3235 4570 3442 4645 quem
3484 4554 3798 4644 ereptum
3843 4546 4203 4646 lugemus;
4256 4573 4423 4624 nam

1357 4691 1593 4744 rerum
1657 4667 1968 4742 ordinem
2041 4692 2282 4742 enarro
2341 4666 2431 4742 ab
2496 4665 2616 4740 illo
2688 4665 3087 4756 inchoatum
3113 4723 3133 4754 ,
3206 4689 3423 4763 quum
3478 4664 3627 4763 ipse
3682 4689 3903 4763 nuper
3949 4692 4032 4741 ex
4086 4667 4218 4742 hoc
4267 4668 4424 4765 ipso

1360 4787 1510 4863 loco
1573 4787 1992 4862 Academiae
2059 4785 2202 4861 fata
2269 4792 2637 4860 enarraret.
2742 4784 2811 4857 Ο
2876 4783 3236 4858 hominum
3306 4784 3583 4884 ignaras
3644 4786 3944 4858 mentesl
4028 4785 4215 4863 Quis
4262 4792 4421 4860 tum
4496 4771 4503 4779 ’
