4942 6175
1746 650 2306 719 ORATIO.
3420 648 3549 717 115

507 864 852 943 debemus
889 886 1168 953 omnes,
1213 866 1562 961 quotquot
1601 866 1838 937 nostra
1881 866 1954 934 et
1999 858 2263 959 patriae
2309 857 2643 933 interesse
2686 854 3137 944 arbitramur,
3179 862 3261 929 ut
3306 856 3549 955 aequis

505 983 922 1086 calegibus
981 987 1430 1083 temperetur.
1527 979 1851 1057 Perficint
1913 978 2396 1079 unusquisque
2459 982 2777 1055 nostrum
2844 976 3039 1075 quod
3086 982 3339 1075 potest.
3436 976 3551 1056 Ita

505 1104 796 1181 demum
861 1127 1027 1181 cum
1091 1103 1276 1181 bona
1329 1124 1452 1199 spe
1499 1100 1727 1177 exitus
1775 1098 2120 1173 Codicum
2169 1099 2563 1177 emendatio
2615 1096 2829 1196 incipi
2874 1096 3167 1195 poterit,
3222 1096 3552 1172 tollentur

505 1248 550 1299 e
613 1222 889 1323 legibus
954 1222 1120 1299 vitia
1161 1228 1232 1296 et
1279 1216 1812 1317 explicabuntur
1860 1217 2064 1306 iura,
2115 1226 2202 1292 ut
2248 1218 2678 1317 explicantur
2728 1216 3037 1315 quotidie
3089 1216 3269 1293 vitae
3314 1240 3549 1293 neces·

505 1340 746 1417 sitates
816 1351 888 1417 et
957 1336 1500 1417 necessitudines
1569 1335 2170 1413 homiuum.1ta
2237 1337 2372 1411 erit
2437 1336 2627 1435 apud
2676 1361 2804 1412 nos
2848 1336 2961 1411 ius
3010 1360 3340 1435 aequum..
3436 1338 3549 1415 Ita

349 1468 358 1475 ’
505 1484 716 1560 quem
779 1469 860 1537 ut
917 1456 1366 1535 Academiam
1413 1455 1672 1533 hancce
1720 1455 2018 1535 illustret
2073 1456 2274 1531 enixe
2323 1478 2728 1555 precamur,
2778 1460 2998 1529 totam
3051 1456 3346 1553 patriam
3390 1455 3547 1533 illu·

501 1580 752 1657 otrabit
772 1637 793 1670 ,
843 1578 1162 1655 Iustitiae
1209 1576 1365 1653 Sol!

591 1938 713 2014 Ad
781 1938 1072 2013 alteram
1137 1936 1282 2011 iam
1349 1941 1628 2011 transeo
1696 1932 1902 2009 officii
1971 1942 2236 2033 partem
2259 1990 2286 2021 ,
2336 1933 2797 2011 narrationem
2850 1958 3091 2011 eorum
3114 1990 3135 2023 ,
3188 1956 3372 2031 quae
3417 1933 3547 2009 hoc

497 2079 678 2131 anno
729 2053 1146 2131 Academiae
1192 2059 1468 2127 nostrae
1527 2058 1906 2126 evenerunt
1955 2051 2134 2128 laeta
2179 2060 2252 2128 et
2300 2054 2544 2129 tristia.
2651 2034 2975 2133 Quorum
3020 2054 3129 2129 his
3182 2053 3300 2128 illa
3349 2053 3549 2152 plura

495 2199 648 2253 esse
695 2182 894 2275 grato
941 2172 1173 2251 animo
1221 2172 1691 2273 agnoscimus.

577 2299 831 2395 Atque
893 2292 1070 2371 illud
1133 2291 1450 2392 inprimis
1511 2290 1685 2367 mihi
1744 2291 2150 2369 laetandum
2195 2292 2346 2369 iure
2392 2318 2547 2375 esse
2591 2293 2829 2383 video,
2893 2293 3085 2392 quod
3131 2291 3548 2370 Academiae

497 2415 1008 2492 Curatores
1049 2410 1218 2490 salvi
1253 2434 1494 2487 omnes
1537 2420 1610 2485 et
1641 2410 2060 2501 incolumes,
2107 2419 2234 2487 aut
2268 2413 2481 2489 nobis
2514 2414 2776 2491 adsunt
2807 2413 3052 2503 hodie,
3099 2422 3223 2489 aut
3263 2421 3449 2489 certe
3490 2412 3551 2488 si

495 2536 620 2634 qui
687 2534 992 2622 absunt,
1061 2555 1200 2607 non
1243 2530 1502 2607 absunt
1551 2538 1831 2629 propter
1881 2532 2113 2607 tristes
2157 2556 2421 2609 causas.
2526 2534 2739 2615 Quod
2786 2558 2927 2611 non
2976 2533 3226 2609 Vestra
3270 2540 3545 2609 tantum

493 2654 619 2731 md
659 2661 900 2733 nostra
935 2674 1216 2752 quoque
1259 2658 1330 2725 et
1372 2649 1796 2725 Academiae
1833 2651 2062 2749 gratia
2075 2708 2108 2741 „
2142 2651 2258 2727 cui
2298 2651 2677 2751 prudenter
2720 2662 2799 2728 et
2838 2653 3150 2729 studiose
3192 2652 3547 2729 consulere

493 2774 729 2850 soletis
747 2832 771 2863 ‚
811 2794 1230 2873 magnopere
1275 2768 1668 2868 gaudemus
1685 2826 1712 2857 ,
1753 2768 1906 2843 Viri
1947 2769 2420 2870 Amplissimil
2519 2772 2795 2851 Quodsi
2837 2771 3027 2847 euim
3068 2779 3369 2848 aetatem
3414 2796 3545 2871 pu-

488 2892 800 2994 pillarem
851 2892 1033 2969 alma
1070 2896 1306 2967 nostra
1349 2890 1583 2967 Mater
1625 2888 1768 2965 iam
1810 2887 2082 2967 dudum
2127 2892 2458 2982 excessit,
2506 2898 2579 2968 et
2624 2890 2843 2993 igitur
2886 2891 3270 2975 secundum
3316 2891 3544 2992 legem

491 3038 618 3090 sua
678 3014 830 3113 ipra
897 3012 1176 3114 negotia
1247 3009 1428 3088 tueri
1493 3032 1694 3110 posse
1769 3009 2043 3085 videtur
2058 3068 2082 3102 ,
2147 3036 2289 3090 non
2360 3021 2592 3092 tamen
2661 3012 2916 3090 idcirco
2966 3012 3253 3113 provida
3296 3011 3545 3091 Vestra

485 3159 652 3214 cura
697 3157 926 3210 carere
969 3155 1173 3233 posse
1217 3131 1533 3230 putanda
1583 3137 1710 3208 est.
1795 3133 2035 3231 Atque
2079 3133 2346 3210 utinam
2393 3157 2779 3233 numquam
2824 3157 2908 3210 ea
2950 3133 3215 3210 careat!
3296 3134 3543 3212 Quum

485 3278 644 3330 vero
711 3252 879 3328 boni
947 3250 1304 3328 Curatoris
1381 3251 1471 3328 sit
1518 3273 1668 3326 rem
1719 3250 2017 3328 minoris
2059 3276 2201 3328 uon
2245 3253 2571 3332 adiuvare
2612 3261 2887 3330 tantum
2912 3311 2933 3344 ,
2987 3277 3225 3330 verum
3280 3251 3493 3330 etiam
3510 3310 3537 3342 .

487 3375 546 3450 si
590 3379 859 3473 potest,
905 3393 1160 3472 augere
1174 3429 1195 3460 ,
1240 3370 1419 3446 illud
1459 3369 1566 3445 vel
1609 3372 1910 3447 maxime
1953 3396 1998 3446 a
2034 3371 2254 3448 Vobis
2291 3373 2596 3473 petimus
2611 3433 2640 3465 ,
2684 3382 2767 3451 ut
2810 3373 3227 3452 Academiae
3272 3371 3532 3448 inatru··¹

483 3502 721 3568 menta
797 3499 870 3566 et
942 3490 1439 3590 supellectilem
1511 3515 1766 3589 augere
1837 3492 2158 3591 pergatis.
2263 3494 2466 3571 Quae
2531 3494 2721 3571 enim
2784 3492 2985 3570 nobis
3038 3498 3309 3592 praesto
3364 3501 3529 3567 sunt

487 3613 878 3688 studiorum
941 3610 1344 3686 adiumenta
1407 3616 1478 3686 et
1539 3608 1850 3694 subsidia
1899 3610 2240 3689 eiusmodi
2295 3627 2460 3690 sunt
2478 3670 2501 3702 ,
2552 3622 2635 3690 ut
2683 3614 2773 3692 de
2814 3615 2903 3689 iis
2950 3635 3227 3711 quoque
3271 3610 3525 3700 valeat,

485 3731 676 3831 quod
741 3731 829 3806 de
895 3729 1130 3829 legum
1192 3736 1588 3806 nostrarum
1641 3728 2018 3806 Codicibus
2063 3731 2282 3808 valere
2336 3732 2686 3823 dicabam,
2745 3739 3077 3833 perpetua
3125 3738 3199 3805 et
3245 3730 3527 3808 assidua

480 3875 649 3928 eura
713 3849 958 3949 augeri
1013 3856 1083 3924 et
1140 3849 1542 3948 amplificari
1601 3873 1682 3924 ea
1747 3849 2021 3925 debere.
2123 3850 2336 3929 Quod
2386 3850 2603 3950 igitur.
2652 3860 2735 3928 ut
2786 3849 2931 3928 Vos
2974 3849 3321 3940 efficiatis,
3356 3849 3522 3943 ‚Viri

478 3970 954 4070 amplissimi,
985 3993 1126 4068 qua
1153 3968 1320 4046 estis
1343 3968 1532 4069 apud
1560 3969 1830 4068 Regem
1855 3969 2456 4069 Angustissimum
2482 3971 2731 4070 gratia,
2762 3971 3146 4049 vehemeter
3166 3994 3513 4072 rogamus.

575 4208 726 4282 Nec
786 4206 1086 4298 minore,
1151 4208 1228 4282 in
1295 4207 1448 4284 Vos.
1502 4208 1736 4286 mulos
1794 4217 2194 4284 convertens
2209 4265 2230 4298 ,
2293 4210 2553 4286 afficior
2612 4209 2870 4310 gaudio
2888 4267 2913 4299 ‚
2968 4211 3512 4288 coniunctissimi

481 4328 736 4404 Colle
754 4351 938 4428 gae.
1040 4328 1110 4404 Ο
1177 4352 1298 4404 me
1359 4328 1726 4404 Rectorem
1773 4327 2094 4418 felicem,
2147 4329 2266 4404 cui
2307 4336 2686 4407 extremam
2734 4330 3038 4406 muneris
3080 4337 3349 4430 partem
3390 4354 3507 4405 ex·

478 4448 696 4547 pleuti
760 4447 958 4523 triste
1023 4448 1433 4548 parentandi
1483 4448 1788 4526 officium
1835 4448 2324 4547 praestandum
2381 4451 2476 4526 sit
2514 4449 2822 4540 nemini,
2860 4449 2987 4550 qui
3033 4449 3519 4526 Professorum.

475 4567 791 4643 ordinem.
833 4569 1064 4644 animo
1113 4569 1574 4668 perlustrans„
1622 4568 1898 4646 nullum
1945 4591 2182 4644 carum
2226 4577 2436 4669 eaput
2487 4569 2911 4646 desiderem!

576 4686 666 4760 In
727 4687 864 4762 hae
929 4687 1104 4764 mibi
1165 4688 1351 4766 laeta
1414 4687 1832 4786 cogitatione
1898 4687 2128 4764 defixo
2145 4747 2168 4778 ,
2233 4690 2553 4768 omnium
2617 4689 2843 4791 prima
2906 4687 3096 4766 subit
3162 4687 3509 4788 Miquellii

473 4805 696 4880 nostri
764 4806 1030 4908 imago,
1100 4830 1310 4905 quem
1368 4830 1407 4880 e
1471 4806 1710 4882 morbo
1759 4808 1970 4907 'gravi
2027 4816 2100 4884 et
2162 4810 2543 4908 periculoso
2606 4823 3029 4900 recreatum,
3096 4816 3169 4884 et
3220 4811 3421 4910 quasi
3468 4834 3509 4885 e

3018 4930 3107 5004 15
3127 4928 3171 4975 '²
