4942 6175
1443 662 1530 731 '16
2405 662 2796 729 suiuus
2862 658 3519 729 LEc‘rloNun.

1443 882 1494 941 1.
1535 882 1605 941 a.
1647 880 2060 943 Gouosm‘r
2097 869 2663 970 interpretabitur
2704 867 3079 944 Iustiniani
3108 867 3589 941 Institutione-2
3608 922 3631 955 ,
3678 864 3929 943 diebus
3952 867 4097 943 Ln-

1434 1031 1444 1039 ·
1541 1012 1704 1078 nae,
1753 990 2004 1064 Martis
2047 999 2120 1064 et
2163 988 2539 1077 Mercurii,
2616 1040 4091 1064 .....................

1833 1117 1906 1183 et
1969 1108 2218 1185 diebus
2281 1107 2468 1183 Iovis
2488 1165 2509 1195 ,
2571 1105 2867 1181 Veneris
2924 1115 2997 1181 et
3046 1104 3328 1179 Saturni
3348 1160 4099 1193 ...........

1639 1226 1932 1325 Diyeeta
1953 1285 1975 1317 ,
2025 1228 2275 1303 diebus
2317 1228 2563 1303 Lunae
2584 1284 2607 1315 ,
2656 1226 2907 1301 Martis
2926 1284 2947 1315 ‚
2996 1223 3326 1300 Mercurii
3340 1282 3361 1313 ,
3410 1222 3595 1298 Iovis
3646 1230 3719 1299 et
3768 1223 4057 1301 Veneris
4072 1284 4097 1317 ,

1635 1344 2020 1422 Historiam
2093 1348 2280 1422 Iuris
2351 1345 2655 1419 Romani
2728 1345 3109 1433 enarrabit,
3186 1342 3435 1418 diebus
3506 1342 3693 1419 Iovis
3707 1400 3732 1433 ,
3807 1342 4102 1421 Veneris

1438 4696 1488 4754 Ι.
1531 4695 1578 4754 1.
1616 4693 1847 4752 PRINS
1886 4681 2264 4779 Epistolam
2300 4684 2391 4759 ad
2424 4683 2785 4796 Hebraeos
2804 4685 3377 4782 interpretaturus
3404 4690 3545 4774 est,
3574 4682 3689 4758 die
3719 4683 4047 4758 Mercurii
4064 4739 4085 4771 ‚

1537 4801 1722 4875 Iovis
1790 4809 1862 4874 et
1932 4799 2219 4876 Veneris
2239 4857 4085 4891 ..........................

1733 1472 1806 1538 et
1853 1466 2177 1556 Saturni,
2247 1519 4099 1542 ..........................
4402 1467 4479 1540 X.

1636 1583 2063 1684 Disputandi
2102 1583 2422 1659 exercitia
2467 1583 2940 1659 moderabitur
2958 1642 2979 1671 ,
3030 1582 3279 1657 diebus
3319 1588 3392 1655 et
3434 1582 3619 1657 horis
3660 1581 4096 1659 auditoribus

1735 1704 2138 1783 commodis.

1443 1837 1494 1895 1.
1534 1834 1607 1895 Τ.
1645 1833 1863 1893 BUIJS
1903 1823 2130 1897 tradet
2177 1822 2288 1896 ius
2331 1821 2649 1919 gentium
2695 1822 2945 1897 diebus
2996 1822 3237 1897 Lunae
3254 1880 3277 1911 ,
3327 1820 3577 1897 Martis
3618 1828 3691 1895 et
3724 1821 4059 1897 Mercurii
4076 1878 4099 1911 ,
4370 1822 4479 1897 XI.

1539 1942 2052 2041 Philosophiam
2109 1942 2282 2017 iuris
2332 1941 2581 2016 iisdem
2641 1942 2891 2018 diebus
2908 1997 4089 2029 .................
4336 1942 4474 2015 XII.

1635 2064 1760 2136 Ius
1806 2062 2167 2161 publicum
2213 2060 2462 2136 diebus
2514 2061 2699 2135 Iovis
2747 2067 2820 2134 et
2864 2057 3193 2149 Veneris,
3272 2115 4093 2136 ............
4320 2060 4441 2133 XII
4458 2116 4479 2149 ‚

1833 2189 1906 2255 et
1953 2181 2068 2257 die
2115 2181 2439 2270 Saturni,
2514 2238 2531 2253 .
2608 2239 2623 2255 .
2696 2234 4099 2255 ....................
4370 2180 4479 2255 n.

2357 2414 2851 2491 FACUL'I'AS
2902 2407 3555 2492 THEoLOGIOA.

1443 2666 1535 2728 w.
1576 2667 1648 2726 A.
1690 2665 1858 2726 VAN
1897 2664 2232 2724 HENGEL
2248 2709 2265 2736 ,
2307 2661 2665 2754 provectae
2709 2652 2957 2727 aetatis
3000 2676 3209 2727 causa
3225 2710 3247 2741 ,
3294 2652 3467 2726 rude
3504 2652 3800 2727 donatus
3818 2708 3839 2742 ,
3876 2662 4105 2751 quan-'

1539 2782 1694 2849 tum
1744 2798 1866 2872 per
1905 2772 2082 2847 vires
2129 2771 2407 2862 licebit,
2452 2772 2871 2847 Academiae
2918 2772 3217 2847 alumnis
3261 2772 3583 2872 prodesse
3624 2771 4005 2851 conabitur.

1411 2904 1492 2977 ¹1.
1533 2903 1614 2965 Η.
1655 2902 2076 2964 scHOL'rEN
2116 2892 2531 2993 Theologiae
2576 2891 3005 2992 dogmaticae
3042 2900 3311 2990 partem
3348 2892 3705 2968 formalem
3754 2898 4091 2993 exponet,
4190 2886 4203 2905 ‘

1542 3012 1719 3088 duce
1770 3000 2200 3112 Compendio
2249 3037 2292 3085 a
2343 3037 2418 3087 se
2465 3012 2690 3103 edito,
2742 3012 2857 3090 die
2910 3011 3203 3102 Martia,
3280 3068 4098 3091 ............
4354 3014 4477 3104 XJ,

1831 3132 1944 3207 die
1990 3133 2176 3206 Iovis
2193 3188 4095 3221 ...........................
4160 3133 4477 3222 x-xll,

1829 3259 1902 3324 et
1970 3251 2083 3326 die
2153 3251 2443 3326 Veneris
2460 3306 4090 3341 .......................
4398 3254 4475 3329 X.

1635 3369 2082 3469 Theologiam
2131 3371 2519 3446 naturalem
2571 3371 2886 3461 docebit,
2935 3370 3271 3447 tradenda
3314 3370 3597 3446 historia
3624 3369 4101 3471 philosophiae

1736 3488 1824 3565 de
1867 3490 2017 3564 Deo
2065 3489 2280 3564 medii
2314 3491 2464 3563 aevi
2488 3500 2559 3565 et
2584 3491 2960 3568 recentiore
2980 3549 3000 3580 ,
3050 3491 3228 3566 duce
3252 3491 3663 3592 compendio
3691 3517 3734 3566 a
3762 3516 3837 3566 se
3866 3489 4057 3567 edito
4074 3549 4097 3581 ‚

1733 3609 1984 3685 diebus
2035 3611 2321 3699 Martis,
2367 3611 2553 3685 Iovis
2600 3616 2673 3684 et
2718 3610 3048 3700 Veneris,
3122 3665 4093 3691 ..............
4416 3611 4474 3685 I.

1441 3745 1514 3801 A.
1553 3739 1890 3800 KUENEN
1931 3729 2258 3804 Criticam
2325 3739 2398 3803 et
2444 3728 3053 3804 Hermeneuticam
3104 3729 3439 3804 librorum
3467 3730 3559 3804 N.
3605 3727 3931 3804 Foederis
3974 3727 4095 3803 do·

1541 3847 1724 3922 cebit
1785 3849 1896 3923 die
1959 3849 2288 3924 Mercurii
2309 3909 2329 3938 ,
2406 3903 4095 3928 ........................
4368 3847 4477 3922 xl.

1832 3973 1904 4040 et
1953 3966 2064 4040 die
2113 3969 2298 4042 Iovis
2319 4027 2339 4057 ‚
2404 4021 4020 4046 .......................
4042 3969 4047 3974 ’
4076 4023 4095 4042 .
4338 3967 4477 4042 Xll.

1639 4086 1858 4160 Locos
1897 4085 1991 4159 N.
2021 4085 2378 4174 Foederis,
2427 4088 2553 4186 qui
2576 4087 2957 4162 doctrinam
2988 4111 3259 4162 morum
3288 4093 3636 4184 spectant,
3682 4083 4093 4162 difficiliores

1734 4205 2309 4304 interpretaturus
2355 4213 2463 4280 est
2509 4206 2622 4280 die
2676 4205 2964 4280 Veneris
2982 4260 4095 4294 ................
4370 4206 4477 4281 XI.

1635 4324 2019 4400 Historiam
2064 4323 2394 4398 librorum
2440 4324 2529 4400 V.
2578 4325 2905 4401 Foederis
2954 4323 3299 4399 enarrabit
3340 4321 3455 4398 die
3491 4322 3734 4402 Lunae
3753 4382 3776 4413 ,
3850 4382 3869 4401 .
3923 4382 3942 4402 .
3996 4381 4016 4400 .
4069 4382 4088 4401 .
4379 4325 4475 4413 X,

1829 4452 1901 4518 et
1947 4443 2060 4518 die
2109 4443 2477 4532 Mercurii,
2538 4498 4084 4521 ......................
4425 4446 4474 4518 1.

1633 4565 1852 4638 Locos
1897 4564 2181 4639 selectos
2229 4564 2552 4639 historiae
2602 4563 3073 4641 Israelitarum
3122 4563 3445 4640 tractabit
3484 4563 3598 4638 die
3636 4563 3929 4639 Veneris
3950 4623 3971 4654 ‚
4006 4621 4023 4639 .
4068 4621 4083 4639 .
4334 4563 4473 4638 ΧΠ.
