4942 6175
1370 655 1503 721 154
2479 654 2546 721 F.
2609 655 2680 722 Ζ
2745 653 3306 721 nunninus

1458 859 2035 949 Οὸιιιιιωιιιιιθ,
2104 858 2337 958 inquit
2398 858 2690 958 aliquis,
2761 857 3354 958 aphorismorum,
3417 880 3596 956 quos
3655 877 3898 934 omnes
3959 878 4162 936 om-
4199 884 4414 956 κιο,

1361 981 1564 1082 quasi
1626 981 1751 1080 qui
1808 1003 2155 1055 summam
2230 978 2608 1078 sapientiae
2677 978 2988 1056 medicae
3047 977 3488 1068 contineant,
3553 977 4036 1055 celebrer-mat?
4102 981 4410 1060 Puderet

1361 1125 1477 1175 mc
1517 1119 1685 1174 sane
1720 1100 1957 1198 lapsus
2014 1099 2433 1187 memoriae,
2483 1098 2622 1174 nisi
2673 1098 2992 1175 consulto
3047 1098 3458 1175 omisissem
3555 1097 3834 1176 Scilicet
3872 1125 4004 1200 ego
4051 1125 4174 1201 μυ
4211 1111 4408 1183 certo

1356 1221 1620 1296 affirmo
1690 1219 1763 1293 in
1842 1218 2252 1318 aphorismis
2327 1221 2556 1294 inesse
2625 1218 2889 1318 aliquot
2958 1219 3144 1294 locos
3207 1243 3300 1294 ox
3371 1218 3502 1292 viri
3560 1217 3756 1294 libris
3819 1230 4216 1320 esem-ptos,
4279 1223 4408 1298 sad

1354 1339 1825 1438 aphorismum
1867 1339 2212 1415 eiiismodi
2240 1337 2562 1414 nullum
2542 1359 2772 1437 lpsum
2793 1335 3294 1436 Hippocratem
3315 1335 3530 1411 literis
3559 1337 4037 1428 mandavi-03
4079 1377 4184 1404 u·-
4231 1341 4402 1440 quin

1349 1458 2081 1594 apophthegmaticum
2144 1459 2273 1534 hoc
2336 1481 2567 1558 genus
2623 1455 2968 1531 scribendi
3011 1455 3106 1530 ab
3160 1456 3314 1531 eius
3353 1455 3636 1556 ingenio
3678 1479 3830 1532 esse
3871 1457 4076 1557 longe
4124 1459 4400 1536 alimis-

1350 1578 1632 1654 simum.
1700 1579 1939 1657 Quam
1981 1602 2129 1653 rem
2178 1585 2259 1652 ut
2297 1577 2468 1651 mihi
2507 1576 2878 1651 affirmanti
2921 1577 3062 1651 ism
3102 1575 3574 1664 credatisom,
3599 1576 3809 1653 Ams.
3835 1577 3854 1650 l
3903 1577 4402 1656 demonstratio

1346 1722 1491 1773 nou
1552 1706 1663 1772 est
1726 1698 1937 1772 huius
1990 1697 2133 1773 diei
2196 1719 2324 1773 nec
2374 1697 2506 1772 loci
2526 1753 2549 1786 ,
2607 1719 2838 1796 neque
2881 1695 2956 1770 in
3005 1719 3090 1771 ea
3134 1702 3419 1795 tempus
3461 1703 3682 1772 terere
3722 1704 3795 1771 et
3838 1697 4147 1773 taedium
4197 1698 4394 1774 vobis

1346 1841 1585 2010 pugg
1634 1816 1947 2012 Ιιιιξῗιῖιιο
1998 1945 2279 2038 ‘oportet
2358 1937 2450 2012 ad
2525 1937 2834 2010 Ooorum
2900 1943 2972 2010 et
3037 1933 3484 2034 Hippocratis
3563 1933 3638 2008 in
3693 1933 3936 2032 primis
3995 1943 4264 2026 artem,
4313 1947 4396 2013 ut

1338 2057 1549 2132 huius
1618 2057 1823 2156 qnasi
1881 2057 2259 2158 imaginem
2320 2057 2524 2132 nobis
2567 2063 3185 2156 repraesentemus.
3245 2092 3339 2116 --
3385 2051 3464 2126 Si
3505 2077 3647 2152 qua
3696 2055 4116 2152 praestantia
4157 2064 4266 2131 est
4313 2057 4390 2133 ιιι

1337 2175 1481 2251 viro
1526 2201 1681 2252 vere
1720 2178 2117 2278 ingenioso,
2168 2187 2275 2254 est
2312 2177 2624 2254 mirabile
2671 2174 3042 2252 artificium
3083 2184 3406 2250 naturam
3445 2179 3519 2248 et
3557 2172 3911 2252 hominem
3945 2175 4388 2255 observandi.

1333 2293 1491 2368 Hac
1562 2296 1637 2370 in
1698 2320 1775 2371 re
1838 2321 1994 2373 vere
2048 2298 2305 2373 dixeris
2349 2297 2550 2373 illum
2591 2295 2766 2370 nihil
2815 2295 3040 2370 moliri
3087 2294 3346 2394 inepte.
3443 2291 3641 2370 Haeo
3693 2295 3936 2371 innata
3981 2295 4126 2370 viro
4165 2297 4386 2374 virtus

1330 2422 1403 2488 et
1468 2413 1759 2491 facultas
1818 2417 1953 2492 fuit
1970 2451 1990 2506 3
2064 2418 2195 2493 hoc
2261 2416 2540 2492 nomine
2615 2414 2789 2492 κατ’
2858 2417 3140 2514 ἐξοχὴν
3191 2414 3536 2488 Graecum
3587 2437 3662 2488 se
3699 2414 4040 2515 praebuit.
4138 2417 4386 2495 Quum

1328 2534 1490 2624 alii,
1554 2535 1968 2669 dequibus
2031 2537 2217 2628 dixi,
2288 2537 2467 2612 male
2533 2559 2739 2636 saepe
2799 2535 3288 2623 observarent,
3344 2533 3458 2609 hic
3505 2541 3691 2610 recte
3742 2533 3914 2634 quid
3951 2535 4150 2610 fieret
4187 2535 4382 2614 vidit.

1328 2653 1554 2730 Cuius
1620 2654 1721 2729 rei
1777 2663 1965 2730 certa
2025 2657 2453 2732 documenta
2504 2655 2579 2729 in
2631 2653 3062 2754 quibuslibet
3105 2653 3258 2729 eius
3314 2677 3604 2752 operum
3649 2653 3962 2754 reliquiis
4007 2664 4382 2755 apparent,

1328 2770 1791 2848 illustrissima
1857 2797 2017 2848 vero
2073 2775 2149 2849 in
2210 2772 2388 2848 libro
2452 2771 2571 2850 illo
2623 2771 2712 2846 de
2763 2779 2962 2861 aere,
3009 2771 3276 2848 ceteris.
3327 2811 3432 2835 --
3473 2773 3738 2850 Verum
3779 2797 4028 2874 operae
4075 2777 4380 2875 pretium

1326 2898 1435 2966 eet
1479 2891 1691 2991 paulo
1741 2892 2082 2968 intensius
2125 2894 2257 2968 hoc
2306 2893 2650 2992 persequi.
2751 2891 2950 2972 Quid
2995 2891 3212 2992 igitur
3247 2891 3596 2969 cernimus
3637 2895 3714 2970 in
3757 2894 4207 2986 semeinficis,
4255 2897 4380 2996 qui

1325 3009 1427 3087 illi
1464 3011 1709 3089 deberi
1752 3013 2096 3104 videntur,
2160 3013 2347 3091 locis.
2446 3013 2790 3115 Depingit
2853 3012 3056 3088 nobis
3117 3012 3585 3105 conditiones,
3635 3013 3710 3089 ιιι
3763 3014 4024 3115 quibus
4065 3015 4378 3093 homines

1320 3131 1539 3221 vidit,
1604 3133 1793 3208 unde
1854 3140 2059 3211 natae
2108 3144 2273 3209 sunt
2329 3134 2655 3233 pulchrae
2723 3134 2880 3211 illae
2933 3134 3426 3235 descriptiones
3469 3134 3668 3210 faciei
3717 3135 4118 3211 moribundi
4137 3194 4160 3226 ‚
4205 3160 4371 3213 oon·-

1320 3252 1547 3327 lorum
1612 3253 1984 3353 adspectus
2042 3254 2119 3328 in
2178 3253 2443 3332 morbis
2464 3313 2487 3344 ‚
2553 3254 3020 3331 decumbendi
3061 3254 3346 3331 rationis
3387 3278 3751 3355 aegrorum
3773 3314 3794 3345 ,
3843 3256 4038 3332 modi
4083 3257 4372 3356 respira·

1316 3369 1527 3447 tionis
1547 3430 1570 3461 ,
1648 3373 2003 3473 signorum
2063 3398 2155 3449 ex
2220 3375 2514 3450 exoretis
2581 3381 2656 3449 et
2716 3375 3024 3451 retentis.
3147 3375 3234 3449 In
3310 3375 3569 3474 quibus
3630 3376 4064 3452 continenter
4129 3377 4372 3453 morbo

1312 3500 1499 3567 ortas
1540 3492 1979 3570 functionum
2027 3495 2329 3594 corporis
2381 3496 2516 3571 vivi
2567 3496 2810 3571 turbas
2853 3502 3206 3595 comparat
3258 3520 3421 3573 cum
3473 3496 3901 3629 integrarum
3944 3496 4022 3571 in
4075 3496 4367 3571 sanitate

1310 3612 1534 3703 notis,
1600 3638 2085 3714 summamque
2148 3614 2339 3690 illam
2402 3616 2627 3716 legem
2691 3616 2882 3690 videt
2919 3624 2994 3689 et
3041 3614 3285 3705 tradit,
3331 3640 3416 3690 eo
3463 3616 3690 3691 maius
3733 3638 3886 3691 esse
3929 3615 4356 3714 periculum,

1311 3756 1453 3830 quo
1500 3733 1767 3833 longior
1806 3735 1899 3810 sit
1942 3760 1985 3809 a
2029 3734 2325 3811 sanitate
2368 3758 2698 3811 recessus.
2802 3736 2954 3810 Nec
2995 3733 3288 3834 negligit
3329 3735 3404 3809 ιιι
3451 3735 3804 3834 signorum
3843 3736 4360 3833 computatione

1217 3942 1223 3947 ,
1311 3850 1887 3950 distinguendum
1963 3878 2113 3929 esse
2184 3855 2367 3929 inter
2430 3880 2554 3944 ea,
2623 3877 2804 3953 quae
2871 3878 2956 3929 ex
3013 3878 3204 3929 more
3257 3854 3535 3953 aliquo,
3584 3852 4088 3929 consuetudine
4127 3854 4360 3954 aliqua

1310 3971 1577 4046 homini
1648 3973 1786 4047 sint
1860 3973 2134 4072 propria
2194 3982 2271 4048 et
2336 4000 2454 4063 ea,
2527 3997 2709 4073 quae
2781 3996 2938 4049 vere
3001 3974 3229 4049 morbi
3273 3973 3560 4049 effectus
3609 3973 3772 4050 sint,
3875 3972 4354 4071 Significatum

1306 4090 1665 4189 signorum
1708 4091 2119 4167 diversum
2098 4116 2173 4165 ιιι
2214 4116 2423 4167 sexus
2443 4150 2463 4181 ,
2519 4094 2764 4168 aetatis
2815 4093 3329 4169 diversitatibus
3387 4092 3892 4169 animadvertit.

1404 4211 1491 4284 In
1530 4209 1931 4285 morborum
1984 4210 2561 4311 descriptionibus
2597 4213 2890 4287 eandem
2937 4214 3270 4289 miramur
3311 4221 3631 4289 naturam
3669 4213 4082 4289 observandi
4105 4218 4347 4289 artem.

1304 4330 1764 4429 Hippocrates
1818 4332 2087 4431 primus
2132 4331 2347 4407 fuisse
2398 4332 2714 4423 videtur,
2764 4334 2890 4431 qui
2934 4332 3334 4408 morborum
3377 4333 3878 4432 epidemiorum
3931 4344 4004 4407 et
4043 4331 4347 4431 singula·

1302 4451 1484 4524 rium
1549 4451 1868 4527 historias
1930 4453 2186 4553 scripto
2232 4452 2680 4528 mandaverit.
2784 4452 2998 4529 Quod
3043 4453 3277 4552 ipsum
3329 4452 3568 4527 statim
3617 4475 3754 4525 non
3796 4452 4140 4551 exiguum
4173 4448 4346 4548 quid

1308 4575 1451 4655 est,
1520 4570 1643 4645 sod
1708 4572 2282 4705 magnum.1ta
2323 4570 2508 4644 enim
2559 4570 2668 4645 via
2715 4570 3046 4646 sternitur
3088 4571 3178 4644 ad
3218 4570 3770 4647 observationem
3815 4570 4340 4657 accuratiorem,

1303 4684 1403 4761 ita
1452 4685 1736 4766 demum
1778 4690 2093 4767 conscius
2141 4689 2275 4765 sibi
2318 4691 2403 4763 fit
2439 4688 2685 4764 artifex
2721 4714 2999 4779 eorum,
3048 4712 3228 4789 quae
3273 4691 3536 4779 videat·
3587 4690 3687 4765 ita
3735 4689 4162 4767 occasionem
4205 4688 4346 4765 sibi

1304 4814 1503 4903 parat
1565 4832 1687 4897 ea,
1754 4833 1931 4907 quae
1999 4810 2164 4884 olim
2223 4810 2371 4909 ipse
2432 4809 2892 4885 observaverit
2949 4819 3020 4883 et
3079 4810 3170 4884 ab
3215 4811 3369 4886 aliis
3405 4810 3765 4886 observata
3807 4810 3987 4899 sint,
4035 4809 4218 4885 inter
4266 4832 4346 4883 se
