4942 6175
1810 741 2369 812 ORATIO.
3493 749 3622 818 161

564 951 691 1024 viri
752 949 1201 1050 amplissimi!
1272 948 1443 1048 quin
1510 949 1661 1025 eius
1729 948 2159 1050 diligentiam
2220 950 2292 1024 in
2341 950 2461 1025 illo
2510 974 2797 1027 munere
2853 953 3158 1053 gerendo
3209 954 3610 1054 comproba-

561 1069 793 1146 veritis
810 1127 831 1158 ,
896 1094 1104 1144 nemo
1164 1077 1272 1143 est
1342 1068 1467 1169 qui
1528 1068 1826 1146 dubitet.
1939 1071 2012 1144 N
2010 1095 2089 1144 os
2146 1069 2562 1169 professores
2619 1072 2918 1147 multum
2970 1073 3069 1147 illi
3115 1072 3368 1149 debere
3409 1083 3608 1174 grato

556 1191 791 1267 animo
864 1190 1287 1288 profitemur.
1388 1189 1551 1264 Non
1618 1191 1754 1264 fuit
1824 1190 1897 1264 in
1969 1198 2204 1264 nostro
2274 1215 2564 1266 numero
2584 1248 2604 1279 ,
2678 1190 2800 1289 qui
2863 1215 3000 1265 non
3067 1191 3348 1290 plurimi
3407 1194 3606 1269 illum

560 1310 851 1396 faoeret;
920 1308 1231 1408 plerique
1295 1332 1457 1382 eum
1528 1331 1767 1383 carum
1847 1308 2245 1384 habuerunt
2312 1315 2387 1401 et
2458 1333 2646 1385 nunc
2715 1310 2922 1384 etiam
3002 1310 3280 1386 habent.
3411 1315 3612 1390 Bona

560 1428 843 1527 quaevis
902 1449 1355 1526 apprecamur
1429 1426 1573 1498 viro
1634 1427 1913 1527 egregio
1932 1487 1950 1516 ,
2023 1429 2111 1501 de
2180 1427 2622 1503 universitate
2645 1485 2664 1517 ,
2733 1429 2934 1503 cuius
2994 1430 3162 1504 olim
3214 1431 3383 1507 civis
3434 1432 3573 1508 fuit
3589 1491 3612 1522 ,

562 1548 743 1624 bene
790 1547 1053 1622 merito.

660 1668 859 1754 Tibi,
929 1665 1333 1765 gravissime
1394 1688 1523 1739 van
1592 1665 1873 1764 Roijen!
1945 1665 2070 1764 qui
2116 1665 2257 1740 iam
2300 1666 2732 1742 curatoribus
2781 1667 2870 1741 ab
2916 1667 3088 1742 actis
3137 1693 3212 1743 es
3231 1727 3251 1758 ,
3303 1671 3606 1769 gratula-

564 1812 721 1864 mur
784 1811 1041 1862 novum
1064 1844 1084 1875 ,
1154 1785 1344 1885 quod
1406 1785 1535 1860 hoc
1598 1809 1781 1861 anno
1856 1785 1929 1858 in
1992 1793 2065 1860 te
2132 1785 2540 1884 suscepisti,
2605 1787 2932 1862 officium.
3036 1788 3372 1863 Decessor
3441 1797 3608 1864 tuus

566 1907 839 2006 saepius
902 1905 1076 1980 mihi
1141 1905 1553 2004 significavit
1606 1903 1993 1978 iucundum
2058 1902 2130 1978 id
2188 1904 2323 1978 sibi
2387 1904 2604 1980 fuisse
2656 1913 2728 1980 et
2774 1930 2994 1986 unum
3042 1932 3127 1981 ex
3177 1907 3261 1981 iis
3282 1965 3302 1996 ,
3352 1907 3613 2006 quibus

567 2051 655 2101 ex
712 2024 883 2098 urbe
938 2033 1173 2098 nostra
1230 2022 1572 2097 decedens
1637 2045 1841 2120 aegre
1908 2020 2333 2097 valediceret.
2435 2023 2724 2100 Utinam
2771 2009 2901 2099 tibi
2950 2048 3230 2124 quoque
3280 2035 3478 2125 grata
3523 2028 3616 2101 sit

568 2167 975 2243 semperque
1038 2142 1273 2217 futura
1330 2142 1423 2216 sit
1482 2165 1689 2240 opera
1708 2199 1729 2230 ‚
1795 2165 2006 2240 quam
2064 2142 2199 2216 isto
2253 2142 2402 2216 loeo
2456 2143 2850 2220 academiae
2901 2144 3282 2220 commodis
3338 2169 3610 2244 promo-

570 2264 811 2340 vendis
858 2262 1239 2362 impendes.

668 2385 785 2460 Ad
846 2407 967 2458 vos
1035 2407 1148 2456 me
1204 2389 1527 2456 converto
1544 2438 1564 2469 ,
1626 2381 1929 2479 collegae
1986 2379 2534 2454 coniunctissimi
2548 2439 2568 2468 ,
2635 2381 2889 2457 artium
2951 2390 3024 2457 et
3088 2383 3610 2484 disciplinarum

569 2502 1020 2607 professores!

673 2622 892 2698 Doleo
954 2627 1383 2720 praesentem
1440 2641 1581 2692 non
1636 2617 1879 2692 adesse
1918 2617 2380 2694 clarissimum
2432 2617 2521 2692 de
2571 2619 2640 2694 la
2675 2619 2928 2710 Faille3
2979 2621 3336 2697 absentem
3379 2629 3615 2696 tamen

576 2751 657 2818 ut
706 2740 979 2816 silentio
1034 2747 1466 2813 transeamus
1535 2761 1673 2811 non
1732 2736 2269 2814 committemus.
2370 2737 2580 2812 Rude
2625 2737 2784 2814 licet
2829 2740 3176 2840 superiore
3229 2765 3413 2816 anno
3463 2766 3616 2816 aca-

576 2860 846 2936 demico
887 2859 1189 2934 donatus
1242 2881 1365 2956 per
1412 2880 1738 2955 magnam
1782 2863 2047 2954 partem
2096 2854 2305 2930 huius
2324 2913 2345 2944 ,
2396 2855 2522 2954 qui
2563 2856 2703 2932 iam
2747 2857 3080 2948 elabitur,
3147 2859 3330 2935 cives
3371 2859 3614 2935 acade-

577 2981 795 3056 micos
849 2978 1211 3053 instituere
1254 2976 1592 3077 perrexit,
1640 2976 1832 3051 nulla
1882 2974 2041 3050 licet
2090 2976 2245 3076 lege
2290 2974 2662 3075 obligatus.
2764 2978 2837 3051 N
2836 3003 2926 3052 on
2979 3003 3144 3054 sane
3191 2986 3461 3078 praeter
3503 3003 3622 3052 ex-

581 3100 1073 3200 spectationem
1114 3098 1205 3173 ab
1248 3122 1329 3173 eo
1375 3097 1638 3173 factum
1680 3095 1982 3170 vidimus
2003 3152 2025 3185 ‚
2073 3094 2199 3192 qui
2241 3095 2568 3169 novimus
2605 3104 3030 3195 quantopere
3077 3099 3270 3173 omni
3314 3106 3624 3197 tempore

580 3220 765 3296 alma
824 3228 1045 3293 mater
1102 3217 1392 3317 eiusque
1462 3216 1728 3292 alumni
1788 3214 1893 3310 illi
1965 3214 2157 3289 cordi
2224 3214 2504 3290 fuerint.
2606 3214 2747 3290 Sed
2810 3217 2970 3291 licet
3035 3217 3109 3291 id
3129 3275 3150 3307 ,
3224 3217 3415 3317 quod
3483 3218 3628 3317 egit

582 3362 790 3415 senex
859 3337 1401 3413 humanissimus
1419 3396 1441 3426 ,
1508 3336 1849 3412 eiusmodi
1896 3333 1989 3409 sit
2005 3393 2025 3424 ,
2101 3340 2181 3409 ut
2218 3332 2419 3410 facile
2459 3335 2550 3410 ab
2599 3360 2684 3409 eo
2729 3344 3284 3435 exspectaremus
3303 3396 3324 3427 ,
3373 3336 3628 3411 idcirco

582 3482 721 3533 non
785 3456 1229 3533 reticebimus
1293 3457 1510 3532 animi
1580 3457 1761 3556 grati
1826 3454 2397 3554 significationem
2448 3479 2575 3553 pro
2622 3456 2710 3531 iis
2726 3514 2748 3545 ‚
2799 3482 2980 3555 quae
3034 3456 3406 3532 liberaliter
3453 3456 3633 3531 ultra

585 3578 903 3653 debitum
954 3578 1315 3675 praestitit.

682 3696 779 3769 Et
812 3694 933 3768 -ab
996 3694 1115 3768 illo
1170 3694 1453 3792 quidem
1514 3700 1759 3791 sponte
1826 3692 2042 3768 ducor
2101 3692 2191 3767 ad
2258 3716 2420 3780 vos;
2489 3692 2614 3766 viri
2671 3692 3034 3767 clarissimi
3097 3675 3509 3766 Rosenstein
3561 3698 3634 3765 et

588 3812 1037 3888 Halbertsma
1057 3869 1077 3900 ,
1149 3812 1273 3909 qui
1333 3811 1597 3886 emeriti
1666 3811 2081 3910 provinciam
2151 3810 2345 3884 vobis
2409 3810 2833 3885 obtinuistis.
2937 3811 3248 3911 Uterque
3327 3818 3632 3883 vestrum

592 3932 797 4005 hodie
859 3930 1161 4029 primum
1229 3930 1391 4007 huic
1456 3929 1847 4005 academiae
1902 3929 2079 4004 festo
2139 3929 2446 4003 interest.
2549 3930 2820 4003 Munus
2865 3938 3102 4005 autem
3150 3927 3636 4029 professor-ium

590 4052 733 4127 iam
790 4048 1247 4150 occupavistis
1272 4105 1293 4138 ,
1356 4074 1577 4148 eoque
1639 4047 2035 4147 fungimini.
2135 4048 2396 4124 Fausta
2454 4072 2774 4148 quaeque
2821 4049 3050 4124 fausto
3096 4049 3226 4123 hoc
3281 4048 3394 4122 die
3445 4047 3640 4123 vobis

595 4177 1024 4270 exoptamus.
1126 4168 1507 4268 Contingat
1580 4168 1771 4244 vobis
1837 4176 1917 4244 ut
1984 4192 2106 4267 per
2170 4168 2445 4267 longam
2513 4193 2851 4243 annorum
2895 4168 3141 4244 seriem
3181 4169 3254 4242 in
3310 4168 3639 4243 universi-

596 4299 741 4365 tate
810 4289 1261 4388 Groningana
1320 4288 1740 4387 disciplinis,
1788 4288 1859 4363 in
1910 4286 2171 4387 quibus
2208 4286 2421 4361 veluti
2477 4286 2655 4362 vitae
2698 4287 3222 4364 tabernaculum
3267 4287 3596 4387 posuistis
3616 4343 3636 4374 ,

598 4409 921 4508 prodesse
982 4409 1305 4509 pergatis.
1409 4408 1836 4483 Redundent
1892 4433 1977 4483 ex
2036 4405 2475 4482 institutione
2529 4416 2752 4481 vestra
2795 4407 2866 4480 in
2915 4408 3348 4480 iuventutem
3397 4404 3638 4478 acade-

603 4528 850 4603 micam
895 4526 1161 4603 fructus
1210 4527 1575 4616 uberrimi;
1629 4526 2152 4625 uberrimosque
2186 4526 2319 4625 ipsi
2358 4526 2552 4601 vobis
2595 4524 2934 4623 colligatis
2974 4548 3060 4598 ex
3109 4522 3341 4597 labore
3358 4581 3381 4613 ,
3428 4548 3642 4622 quem

603 4648 894 4723 aliorum
942 4670 1151 4727 causa
1198 4648 1547 4723 exantlare
1594 4656 1901 4722 vestrum
1950 4655 2077 4722 est.

701 4763 1027 4841 Muldere
1102 4766 1555 4840 amicissime!
1636 4790 1893 4865 paucos
1960 4774 2120 4841 ante
2198 4764 2351 4839 dies
2420 4773 2502 4838 tu
2569 4786 2833 4839 annum
2899 4763 3146 4838 aetatis
3214 4760 3646 4863 complevisti

606 4884 1235 4984 septuagesimum3
1298 4885 1631 4984 competit
1672 4885 1889 4983 igitur
1941 4910 2027 4961 ex
2069 4885 2222 4984 lege
2268 4883 2399 4958 tibi
2438 4883 2660 4959 otium
2711 4881 2884 4958 rude
2929 4882 3209 4970 donati,
3269 4906 3410 4981 quo
3457 4881 3648 4957 brevi

3168 5004 3260 5077 21
