4942 6175
1771 688 2326 756 ORA‘rlo.
3494 682 3575 747 21

531 896 882 997 cogitabat
946 896 1092 973 fore
1109 955 1130 986 ‚
1198 906 1282 972 ut
1341 897 1404 973 is
1473 898 1597 997 qui
1643 905 1840 974 tanto
1883 898 2099 975 animi
2141 898 2382 973 ardore
2429 894 2871 998 corporisque
2918 890 3149 991 vigore
3206 912 3333 989 pro
3378 886 3581 963 disci·

528 1014 738 1116 plinis
795 1016 944 1091 suis
994 1016 1396 1118 pugnabat,
1459 1018 1763 1095 tristium
1811 1017 2272 1119 parentalium
2298 1076 2318 1107 ,
2386 1038 2565 1117 quae
2624 1036 2813 1088 more
2856 1011 3191 1087 maiorum
3242 1008 3355 1108 pie
3409 1031 3581 1107 quo·

533 1134 768 1211 tannis
843 1135 1137 1213 facimus
1156 1195 1176 1226 ,
1247 1136 1424 1213 foret
1483 1138 1802 1214 materies
1866 1146 1938 1212 et
2009 1146 2523 1237 argumentum.
2624 1134 2909 1207 Utinam
2970 1130 3042 1203 in
3114 1129 3203 1204 iis
3260 1150 3438 1227 quae
3495 1126 3585 1200 de

531 1252 980 1331 Halbertsma
1025 1254 1336 1331 dicturus
1389 1280 1546 1331 sum
1597 1257 1784 1331 iusto
1833 1264 2060 1332 vestro
2112 1254 2450 1332 desiderio
2498 1252 2951 1328 satisfaciam!

627 1374 873 1450 Hiddo
945 1374 1392 1450 Halbertsma
1467 1376 1648 1449 Iusti
1725 1376 1912 1452 filius
1931 1436 1952 1467 ‚
2032 1400 2118 1451 ex
2188 1374 2408 1450 Frisia
2490 1370 2827 1446 oriundus
2842 1428 2863 1459 ‚
2940 1369 3013 1443 in
3098 1366 3580 1443 Daventriensi

528 1494 890 1569 Athenaeo
941 1494 1244 1592 primum
1311 1494 1562 1570 studiis
1609 1496 1926 1571 imbutus
1969 1504 2114 1585 est,
2165 1494 2290 1569 ubi
2341 1493 2672 1569 eximium
2720 1491 2947 1563 virum
2993 1487 3433 1563 Vorsselman
3489 1485 3579 1560 de

527 1612 719 1705 Heer
775 1610 1042 1688 audivit
1058 1645 1080 1702 ;
1148 1612 1400 1688 deinde
1463 1614 1556 1689 ad
1623 1635 1748 1689 nos
1801 1615 1989 1689 venit
2043 1638 2256 1714 seque
2303 1612 2461 1686 viris
2506 1610 2615 1685 cll.
2668 1602 3061 1695 Sandifort,
3118 1605 3536 1704 Macquelyn
3558 1662 3577 1692 ‚

527 1731 778 1807 Broers
844 1740 918 1805 et
971 1732 1194 1832 Pruys
1255 1758 1316 1810 ν.
1369 1734 1438 1809 d.
1489 1734 1778 1827 Hoeven
1831 1734 1904 1808 in
1960 1731 2389 1832 disciplinam
2453 1728 2742 1805 tradidit
2801 1736 2873 1802 et
2918 1735 3075 1825 post
3122 1724 3532 1799 sexennium
3554 1781 3575 1812 ‚

525 1852 912 1950 conscripto
1006 1852 1382 1951 specimine
1465 1851 1553 1928 de
1631 1852 1920 1928 Antonii
2002 1848 2577 1927 Leeuwenhoekii
2656 1846 3023 1921 meritis
3096 1843 3186 1918 in
3264 1851 3579 1942 partes

527 1970 968 2068 quasdam
1017 1972 1568 2047 Anatomiae
1623 1970 2354 2069 microscopicae
2401 1990 2713 2042 summos
2760 1965 2833 2041 in
2884 1964 3235 2040 Medicina
3287 1962 3579 2036 honores

525 2090 918 2188 reportavit.

621 2208 970 2284 Defuncto
1035 2210 1390 2285 laboribus
1453 2210 1885 2285 Academicis
1941 2208 2232 2309 contigit
2291 2210 2365 2284 id
2424 2234 2567 2309 quo
2614 2206 2787 2281 nihil
2838 2204 3104 2281 medico
3148 2201 3571 2277 fortunatius

522 2326 920 2425 contingere
983 2334 1212 2426 potest
1231 2386 1252 2417 ‚
1323 2337 1404 2403 ut
1472 2329 1732 2427 regiam
1783 2328 2171 2403 studiorum
2223 2329 2400 2403 viam
2453 2327 2933 2426 ingrederetur
2976 2332 3047 2399 et
3098 2323 3321 2397 obiret
3370 2323 3579 2397 urbes

523 2445 988 2522 nobilissimas
1061 2448 1380 2546 virosque
1445 2449 1517 2522 in
1583 2458 1730 2523 arte
1793 2448 2136 2548 principes
2185 2455 2629 2547 cognosceret
2680 2446 3078 2543 videretque
3130 2467 3341 2541 seque
3385 2466 3577 2516 exer·

519 2574 706 2639 ceret
771 2566 845 2639 in
915 2567 1324 2666 ingentibus
1391 2568 1782 2644 Medicinae
1804 2627 1825 2656 ‚
1901 2577 1978 2642 ut
2040 2569 2138 2641 ita
2199 2567 2426 2641 dicam
2450 2625 2471 2654 ,
2544 2565 2920 2663 palaestris.
3022 2563 3156 2637 Per
3213 2562 3575 2637 biennium

519 2684 802 2760 Parisiis
864 2693 934 2759 et
1005 2685 1455 2760 Vindobonae
1523 2695 1832 2760 moratus
1887 2686 2024 2761 illic
2083 2685 2472 2784 chirurgiae
2534 2684 2646 2759 hic
2710 2682 3143 2757 obstetriciae
3192 2684 3325 2756 arti
3380 2681 3575 2756 dedit

517 2802 958 2902 potissimum
1039 2828 1320 2902 operam
1342 2863 1363 2892 ,
1443 2806 1634 2880 nulla
1710 2831 1822 2895 re,
1903 2829 2082 2904 quae
2154 2806 2426 2905 agenda
2506 2804 2937 2901 videndaque
3018 2826 3271 2900 magno
3340 2801 3575 2875 futuro

520 2923 788 2997 medico
837 2931 1020 2997 esset
1042 2980 1064 3012 ‚
1113 2924 1614 3023 praetermissa.

615 3044 894 3118 Interea
961 3066 1122 3118 eum
1198 3044 1420 3143 patria
1479 3070 1616 3120 non
1683 3046 2052 3123 amittebat
2103 3070 2186 3122 ex
2236 3045 2454 3122 oculis
2480 3104 2501 3135 ‚
2568 3044 2689 3119 sed
2736 3042 3035 3143 cogitare
3080 3041 3309 3141 coepit
3356 3064 3567 3140 quem

515 3162 818 3238 fructum
882 3186 967 3236 ex
1033 3163 1186 3237 eius
1243 3163 1555 3238 doctrina
1615 3189 1856 3264 capere
1918 3165 2158 3264 possit.
2261 3165 2623 3264 Sapienter
2688 3162 2858 3237 vidit
2918 3163 3032 3238 ille
3089 3163 3212 3262 qui
3257 3171 3407 3237 tum
3452 3186 3563 3237 res

517 3281 712 3380 regni
777 3281 1084 3357 internas
1151 3282 1440 3358 curabat
1460 3343 1480 3371 ,
1549 3285 1852 3360 multum
1920 3295 2081 3359 ante
2149 3283 2707 3383 prospiciendum
2770 3306 2921 3356 esse
2994 3290 3075 3355 ut
3150 3289 3383 3354 essent
3446 3280 3569 3379 qui

519 3409 834 3476 vacantes
897 3401 1260 3476 cathedras
1323 3421 1691 3492 ornarent3
1763 3405 1999 3502 itaque
2068 3404 2364 3480 fovenda
2432 3427 2583 3478 esse
2642 3401 2966 3477 iuvenilia
3029 3400 3309 3499 ingenia
3357 3409 3427 3474 et
3473 3400 3565 3475 ad

517 3519 834 3595 futurum
917 3545 1176 3596 munus
1254 3522 1751 3598 Professorium
1831 3523 2285 3599 informanda.
2415 3523 2533 3598 Sic
2612 3521 3058 3597 Halbertsma
3076 3579 3097 3610 ‚
3174 3519 3567 3595 Sandiforto

515 3639 794 3716 futurus
865 3665 1214 3716 successor
1274 3643 1701 3731 destinatus,
1770 3643 2046 3742 publice
2110 3645 2360 3718 iterum
2416 3645 2765 3742 profectus
2810 3651 2915 3717 est
2960 3651 3038 3717 ut
3086 3641 3175 3716 de
3220 3641 3561 3716 industria

516 3760 931 3834 Anatomiae
1001 3770 1074 3834 et
1137 3761 1617 3861 Physiologiae
1679 3773 1958 3837 navaret
2017 3788 2292 3862 operam
2365 3774 2436 3838 et
2498 3764 2558 3838 si
2610 3764 2782 3863 quid
2826 3771 3007 3837 esset
3054 3761 3242 3860 apud
3288 3769 3559 3836 exteros

517 3880 938 3977 praeclarum
979 3880 1073 3954 ad
1114 3905 1240 3955 nos
1281 3882 1700 3958 transferret.
1799 3883 2050 3981 Itaque
2091 3882 2258 3957 artis
2292 3882 2717 3981 chirurgicae
2752 3892 2824 3956 et
2864 3881 3295 3956 obstetriciae
3326 3879 3559 3957 laurea

515 3998 710 4098 prius
755 4009 1006 4074 auctus
1053 3999 1248 4074 dedit
1301 4025 1376 4075 se
1426 4001 1676 4077 iterum
1726 4003 1798 4075 in
1851 4003 2028 4076 viam
2086 4002 2587 4099 bienniumque
2632 4001 2933 4076 Berolini
2954 4059 2975 4090 ‚
3024 4000 3299 4099 Lipsiae
3320 4059 3341 4090 ‚
3390 4001 3555 4078 Pra-

515 4141 644 4216 gae
707 4119 1066 4218 transegit.
1169 4120 1432 4220 Pragae
1489 4120 1714 4196 factus
1773 4129 1882 4194 est
1929 4121 2176 4196 certior
2229 4145 2377 4195 sese
2431 4121 2821 4197 Medicinae
2862 4120 3309 4219 professorem
3362 4132 3557 4197 extra

513 4237 826 4313 ordinem
873 4249 1178 4316 creatum
1199 4298 1220 4329 ‚
1273 4265 1483 4338 quam
1524 4241 1940 4340 provinciam
1985 4242 2292 4340 suscepit
2337 4241 2451 4314 die
2502 4244 2597 4316 30
2636 4241 3059 4341 Septembris
3108 4265 3291 4315 anno
3340 4244 3549 4318 1848.

612 4356 777 4433 Vita
835 4360 1024 4458 apud
1080 4370 1349 4436 exteros
1403 4369 1554 4436 acta
1601 4361 1860 4460 patriae
1905 4385 2206 4436 amorem
2256 4371 2563 4436 auxerat.
2670 4360 3021 4434 Omnibus
3074 4360 3335 4434 viribus
3382 4363 3555 4435 eniti

512 4479 740 4577 coepit
791 4486 864 4553 et
921 4479 1126 4554 vitam
1192 4480 1592 4580 impendere
1643 4479 2092 4556 vindicandae
2143 4481 2477 4580 pristinae
2526 4479 2859 4556 maiorum
2913 4480 2985 4552 in
3041 4504 3165 4552 sua
3212 4489 3357 4554 arte
3404 4480 3549 4579 glo-

511 4595 676 4670 riae.
777 4595 1306 4698 Contemplatus
1365 4599 1530 4675 foris
1589 4609 1929 4697 quantum
1987 4600 2190 4674 nobis
2237 4599 2511 4674 deesset
2552 4600 2935 4675 instaurare
2980 4599 3253 4673 laudem
3294 4600 3551 4675 avitam

511 4714 822 4792 instituit
881 4742 1020 4792 non
1079 4719 1402 4793 iactando
1460 4728 1754 4792 veterem
1817 4719 1938 4794 sed
1965 4720 2378 4819 quaerendo
2427 4744 2699 4795 novam.
2798 4719 3193 4793 Elaboravit
3244 4729 3321 4794 ut
3372 4729 3557 4796 esset

517 4839 660 4911 suis
701 4837 1112 4936 aequalibus
1156 4839 1346 4937 quod
1391 4838 1492 4913 illi
1533 4847 1738 4913 antea
1779 4863 1944 4914 suae
1986 4840 2194 4914 aetati
2236 4840 2551 4914 fuissent.
2654 4838 2843 4914 Hinc
2884 4838 3141 4914 factum
3187 4848 3264 4915 ut
3296 4865 3555 4916 munus
