4942 6175
1360 666 1444 730 18
2256 664 2335 732 R.
2395 662 2599 734 VAR
2654 662 3117 733 BONEVAL
3176 666 3509 732 FAURE

1451 870 1614 947 Non
1678 871 1868 949 venit
1926 870 2406 971 Peerlkampio
2480 894 2667 945 mors
2728 870 3221 970 inexspectata.
3320 872 3511 947 Ante
3570 870 3931 950 biennium
3990 896 4202 951 senex
4253 876 4399 953 exi-

1355 990 1540 1067 mius
1592 991 1787 1066 dedit
1827 992 1920 1067 ad
1969 990 2334 1067 Rectorem
2384 988 2844 1087 Magnificum
2867 1046 2889 1078 ,
2956 995 3257 1065 veterem
3304 988 3729 1089 discipulum
3774 999 3848 1066 et
3892 991 4173 1068 fidelem
4226 995 4401 1071 ami-

1355 1134 1518 1187 oum
1536 1167 1558 1200 ‚
1622 1111 1864 1187 breves
1881 1168 1902 1199 ,
1969 1119 2048 1183 ut
2092 1108 2390 1197 solebat,
2440 1106 2749 1183 literulas
2793 1114 2865 1182 et
2916 1108 3225 1184 concisas
3264 1108 3339 1183 in
3382 1109 3561 1185 hanc
3604 1112 4058 1187 sententiam=
4115 1113 4401 1193 assatio

1353 1230 1528 1305 mihi
1577 1238 1868 1305 mortem
1920 1228 2178 1305 instare
2198 1287 2219 1318 ,
2279 1253 2494 1326 quam
2544 1228 2782 1327 quieto
2828 1236 2901 1302 et
2950 1227 3221 1327 placido
3266 1229 3501 1305 animo
3540 1236 3881 1330 exspecto,
3982 1232 4217 1310 'Puum
4267 1236 4402 1311 erit

1353 1347 1442 1422 de
1507 1366 1652 1421 me·
1683 1347 2032 1448 rebusque
2091 1345 2266 1421 meis
2331 1370 2555 1445 pauca
2618 1346 2897 1447 publice
2953 1347 3225 1423 referre.
3324 1348 3529 1443 Dabo
3581 1350 3773 1451 quod
3816 1350 4072 1429 referas
4087 1354 4159 1443 ;”
4205 1362 4279 1431 et
4322 1356 4399 1433 in

1351 1465 1669 1542 schidula
1715 1467 1884 1543 haec
1931 1467 2387 1568 adscripserat
2406 1525 2427 1556 ,
2477 1492 2659 1567 quae
2708 1466 2921 1542 veluti
2968 1490 3059 1543 ex
3103 1466 3327 1567 ipsius
3372 1492 3490 1543 ore
3538 1469 3816 1546 audite:

1459 1588 1753 1661 aePetrus
1812 1585 2121 1663 Hofman
2181 1586 2595 1687 Peerlkamp
2660 1594 2868 1663 natus
2931 1586 3329 1687 Groningae
3394 1590 3441 1662 2
3514 1587 3875 1664 Februarii
3950 1592 4139 1669 1786
4204 1600 4401 1693 patre

1353 1702 1728 1805 Rudolpbo
1746 1763 1767 1794 ‚
1814 1706 2264 1806 Praeceptore
2309 1707 2382 1781 in
2434 1708 2817 1807 Gymnasio
2866 1706 3133 1783 urbano
3148 1765 3170 1797 ,
3220 1715 3441 1782 matre
3492 1707 3797 1785 Henrica
3846 1708 4270 1803 Vcenhorst3

1459 1826 1550 1897 13
1611 1825 1921 1925 Augusti
1990 1828 2172 1899 1801
2237 1827 2310 1901 in
2372 1826 2613 1902 album
2683 1826 3099 1903 Academiae
3173 1826 3433 1901 relatus
3502 1851 3743 1904 mense
3810 1830 4139 1930 Augusto
4207 1834 4399 1911 1803

1351 1944 1766 2021 Harlemum
1813 1954 2095 2022 vocatus
2143 1970 2402 2021 munus
2449 1947 2923 2046 Praeceptoris
2961 1969 3225 2022 annum
3274 1946 3532 2046 gessit3

1451 2067 1544 2141 ab
1591 2090 1776 2141 anno
1827 2069 2020 2141 1804
2065 2090 2326 2141 munus
2375 2066 2689 2141 Rectoris
2736 2066 3087 2142 Dockumi
3132 2066 3209 2141 in
3256 2066 3536 2156 Frisiis3

1452 2210 1636 2261 anno
1690 2188 1878 2261 1816
1929 2187 2259 2261 successit
2305 2186 2391 2261 cl.
2438 2188 2501 2261 Ι.
2553 2194 2673 2261 ten
2721 2186 2945 2261 Brink
2994 2186 3271 2262 Rectori
3318 2186 3685 2285 Gymnasii
3733 2186 4234 2265 Harlemensis.

1453 2305 1637 2380 Inde
1678 2329 1862 2381 anno
1907 2308 2097 2381 1822
2149 2304 2438 2379 Leidam
2490 2305 2564 2379 in
2608 2306 3040 2381 Facultatem
3084 2306 3263 2383 Phil.
3312 2305 3560 2382 Theor.
3610 2314 3683 2383 et
3717 2307 3887 2411 Litt.
3932 2308 4156 2387 Hum.
4205 2333 4400 2387 voca-

1353 2437 1508 2514 tus,
1577 2426 1816 2500 morbo
1877 2434 2267 2524 correptus,
2336 2426 2462 2524 qui
2512 2448 2793 2501 omnem
2840 2424 3055 2502 animi
3104 2424 3562 2501 intentionem
3607 2426 3925 2518 vetabat,
3974 2452 4160 2504 anno
4212 2432 4399 2507 1849

1356 2546 1628 2620 muneri
1671 2544 2068 2619 renuntiare
2117 2552 2395 2618 coactus
2440 2556 2571 2619 est.

1452 2664 1741 2739 Caelum
1789 2661 2064 2738 salubre
2109 2670 2184 2736 et
2229 2663 2408 2738 ruris
2463 2662 3055 2739 Hilversumensis
3102 2664 3482 2741 amoenitas
3534 2666 3996 2742 valetudinem
4054 2668 4400 2758 restituit;

1354 2785 1530 2861 adeo
1591 2792 1673 2860 ut
1737 2790 2119 2859 extremam
2184 2784 2364 2859 vitae
2424 2792 2695 2885 partem
2749 2785 2825 2860 in
2875 2785 3276 2887 redigendis
3326 2786 3891 2862 annotationibus
3950 2810 4075 2887 per
4141 2788 4401 2865 multas

1356 2914 1669 2982 veterum
1721 2903 2133 3004 scriptorum
2185 2901 2525 2979 editiones
2573 2906 2829 3005 sparsis
2848 2966 2869 2997 ,
2918 2907 3299 3007 transigere
3346 2896 3674 3009 potnerit.
3734 2906 3937 2982 Obiit
3958 2964 4155 2984 .....
4158 2909 4205 2941 ”

1447 3028 1539 3103 Ιιι
1605 3026 1735 3102 hoc
1805 3024 2014 3100 verbo
2087 3022 2383 3098 desierat
2453 3032 2530 3100 et
2596 3024 2865 3101 Gobeto
2936 3026 3241 3127 scripsit:
3322 3026 3552 3104 uhunc
3608 3026 3743 3103 tibi
3813 3026 4140 3104 ultimum
4210 3026 4401 3105 diem

1350 3171 1588 3223 meum
1637 3144 2059 3245 explendum
2105 3143 2496 3243 relinquo.”

1451 3265 1752 3342 Habetis
1770 3323 1790 3353 ‚
1857 3287 2036 3364 quae
2104 3263 2629 3365 Peerlkampius
2690 3265 2843 3365 ipse
2904 3267 3014 3340 his
3071 3267 3245 3366 ipsis
3308 3268 3535 3344 verbis
3610 3268 3826 3344 voluit
3882 3268 3975 3344 de
4024 3291 4101 3344 se
4146 3268 4400 3348 referri.

1353 3386 1752 3487 Agnoscitis
1808 3385 1883 3459 in
1930 3385 2040 3460 his
2084 3383 2646 3485 Peerlkampium
2698 3394 2769 3461 et
2824 3385 3287 3488 Peerlkampii
3330 3389 3639 3464 animum
3691 3388 4073 3488 simplicem
4093 3446 4118 3476 ‚
4164 3387 4401 3464 candi-

1351 3509 1525 3582 dum
1549 3565 1570 3596 ,
1637 3505 1727 3582 ab
1791 3505 1987 3580 omni
2059 3504 2219 3580 fuco
2291 3502 2595 3579 alienum
2668 3513 2741 3579 et
2804 3505 3271 3581 laudationem
3321 3531 3413 3582 ne
3464 3506 3759 3581 alienam
3809 3507 4092 3606 quidem
4138 3505 4401 3582 nedum

1351 3651 1552 3703 suam
1603 3625 1959 3701 ferentem.
2060 3624 2479 3725 Nuperrime
2529 3624 2630 3698 vir
2671 3624 3112 3724 pereruditus
3160 3649 3248 3699 ex
3289 3625 3688 3701 Brittannia
3704 3683 3728 3716 ,
3779 3625 3902 3725 qui
3948 3624 4402 3700 Academiam

1347 3745 2066 3845 Lugduno-Batavam
2129 3744 2254 3818 diu
2301 3755 2374 3818 et
2425 3745 2727 3819 multum
2785 3752 3069 3820 noverat
3086 3803 3107 3834 ,
3168 3745 3267 3819 ita
3314 3745 3625 3844 scripsitz
3704 3745 4121 3843 nNusquam
4169 3743 4404 3844 plures

1348 3890 1436 3941 ex
1505 3865 1622 3939 illo
1683 3887 1936 3964 genere
2003 3863 2188 3938 viros
2265 3886 2479 3961 quam
2557 3864 3348 3963 Lugduni-Batavorum
3422 3863 3767 3938 exstitisse
3824 3864 4031 3939 credo
4048 3920 4069 3952 ,
4136 3864 4261 3962 q'ui
4324 3864 4399 3938 iu

1353 3984 1605 4059 Literis
1663 3981 1970 4058 colendis
2029 4007 2158 4057 nec
2215 3983 2637 4058 maledicunt
2696 3984 3025 4084 cuiquam
3074 4008 3202 4060 nec
3254 3983 3629 4060 adulantur
3644 4017 3665 4073 ς
3714 3984 3841 4082 qui
3882 3985 3973 4059 ab
4022 3982 4401 4060 honoribus

1351 4100 1780 4201 aucupandis
1848 4109 1922 4177 et
1993 4125 2036 4176 a
2106 4109 2402 4200 quaestu
2463 4100 2781 4178 faciendo
2842 4102 3284 4192 alienissimi,
3351 4125 3493 4202 quo
3556 4100 3861 4175 veritatis
3924 4108 3999 4174 et
4057 4100 4398 4176 bonarum

1349 4222 1605 4298 artium
1667 4245 1861 4296 amor
1922 4220 2118 4296 ducit
2174 4220 2559 4321 simplicem
2616 4235 2687 4294 et
2730 4220 3180 4321 tranquillum
3234 4221 3415 4297 vitae
3467 4229 3774 4295 tenorem
3822 4221 4402 4319 persequantur.”

1351 4343 1436 4415 In
1493 4341 1846 4416 neminem
1917 4341 2086 4416 haec
2148 4340 2370 4441 magis
2434 4364 2647 4439 quam
2708 4340 2782 4413 in
2837 4338 3400 4439 Peerlkampium
3450 4339 3871 4414 conveniunt
3887 4369 3909 4428 3
3958 4339 4084 4438 qui
4136 4339 4197 4413 si
4240 4339 4403 4438 quis

1347 4461 1528 4536 alius
1574 4461 1708 4535 fuit
1755 4459 2192 4558 antiquitatis
2243 4459 2680 4560 exemplum3
2731 4459 3176 4558 antiquarum
3213 4459 3465 4534 artium
3508 4469 3581 4532 et
3616 4458 4063 4556 antiquorum
4099 4479 4397 4534 morum.

1449 4579 1687 4654 Huius
1764 4589 1846 4654 ut
1906 4603 2038 4678 ego
2096 4578 2223 4653 viri
2275 4579 2348 4653 in
2408 4565 2649 4678 paucis
2712 4577 3140 4654 celeberrimi
3188 4577 3433 4654 merita
3482 4576 3861 4677 penderem
3912 4600 4180 4677 suoque
4223 4601 4397 4676 pon-

1346 4700 1510 4775 dere
1571 4697 1928 4774 aestimem
1953 4755 1974 4787 ,
2043 4699 2202 4798 quis
2261 4697 2605 4798 postulat,
2677 4698 2835 4798 quis
2899 4699 3305 4797 exspectat?
3397 4697 3721 4771 Exoriare
3770 4695 4025 4795 aliquis
4071 4719 4157 4772 ex
4204 4679 4397 4770 illius

1341 4818 1688 4894 veteribus
1736 4818 1976 4894 amicis
2026 4828 2098 4893 et
2148 4817 2505 4918 discipulis
2555 4816 2681 4916 qui
2725 4816 2927 4892 nobis
2980 4817 3157 4892 tanti
3210 4817 3343 4892 viri
3393 4825 3715 4892 naturam
3769 4821 3843 4891 et
3892 4815 4257 4915 ingenium
4318 4823 4393 4890 et
