4942 6175
1989 961 2707 1079 NUMERUS
2813 952 3874 1077 STUDIOSORUM

1849 1238 1976 1325 IN
2042 1178 2687 1326 AOADEM'IA
2753 1228 4027 1328 nunno-TRAIEOTINA,

2079 1474 2216 1535 Dm
2262 1475 2460 1535 xxxl
2504 1474 2587 1535 M.
2634 1472 3092 1535 DECEMBRIS
3134 1472 3205 1531 A.
3247 1466 3794 1531 clolocccnxv.

2686 1852 3216 1869 μ

1951 2174 2040 2249 In
2087 2173 2446 2249 Facultete
2514 2174 2819 2249 Iuridice
2886 2221 3713 2250 ............
3768 2170 3931 2243 184.

1979 2320 2018 2363 ι·
2226 2322 2264 2366 u
2516 2292 2695 2368 Phil.
2746 2292 2995 2369 Theor.
3046 2300 3119 2367 et
3163 2290 3331 2368 Litt.
3384 2288 3606 2366 Hum.
3690 2345 3711 2367 .
3814 2291 3930 2364 10.

1982 2441 2020 2481 n
2224 2442 2262 2482 n
2510 2412 2790 2488 Medica
2867 2471 2886 2488 .
2956 2464 3705 2489 ...........
3808 2410 3925 2483 59.

1979 2558 2018 2601 n
2225 2560 2264 2603 n
2512 2532 2738 2609 Math.
2791 2539 2861 2607 et
2910 2531 3087 2608 Phil.
3138 2532 3304 2607 Nat.
3403 2584 3715 2607 .....
3820 2530 3939 2603 52.

2227 2679 2265 2721 ιι
2514 2652 2929 2751 Theologiea
2971 2704 3712 2729 ...........
3767 2650 3857 2724 17
3863 2650 3932 2723 2.

3733 2778 3947 2897 235.

1517 3059 1876 3137 Praeterea
1947 3062 2022 3138 in
2099 3061 2366 3138 Album
2435 3061 2935 3138 Academicum
3002 3060 3286 3138 nomina
3356 3059 3838 3136 Studiosorum
3928 3059 4002 3134 in
4086 3057 4455 3136 Athenaeis

1421 3179 1670 3255 studiis
1726 3206 2006 3281 operam
2074 3183 2465 3258 vacantium
2486 3239 2507 3272 ,
2573 3181 2787 3256 relata
2842 3189 3038 3271 eunt,
3088 3207 3170 3256 eo
3215 3188 3490 3257 tentum
3533 3181 3849 3272 consilio,
3902 3189 3981 3257 ut
4022 3179 4136 3257 hio
4190 3179 4459 3279 publice

1417 3322 1820 3400 progressus
1868 3303 2164 3402 probent
2211 3311 2282 3378 et
2331 3303 2670 3378 Doctores
2720 3310 3040 3378 creentur
3056 3360 3080 3394 ,
3127 3327 3429 3414 quoruui

1952 3544 2041 3618 In
2085 3542 2442 3619 Facultate
2515 3541 2823 3618 Iuridioe
2872 3600 2889 3616 .
2967 3598 3717 3620 ...........
3822 3545 3934 3618 13.

1980 3691 2019 3734 n
2227 3692 2264 3732 ιι
2510 3660 2691 3738 Phil.
2734 3660 2978 3737 Theor.
3020 3669 3092 3736 et
3130 3661 3300 3738 Litt.
3344 3660 3565 3737 Hum.
3624 3719 3640 3736 .
3697 3719 3714 3736 .
3870 3665 3935 3738 1.

1981 3812 2018 3852 n
2223 3812 2259 3852 u
2508 3781 2789 3856 Medica
2864 3840 2881 3857 .
2955 3838 2972 3857 .
3043 3837 3718 3861 ..........
3875 3783 3939 3855 l.

1983 3929 2022 3972 ι·
2229 3933 2266 3972 ιι
2512 3902 2737 3977 Math.
2790 3910 2862 3976 et
2909 3900 3090 3978 Phil.
3139 3902 3304 3977 Nat.
3379 3957 3399 3978 .
3472 3957 3492 3978 .
3544 3957 3565 3979 .
3618 3957 3637 3976 .
3692 3957 3709 3976 .
3871 3902 3934 3976 1.

2507 4022 2921 4122 Theologica
2968 4077 3714 4099 ...........
3824 4023 3937 4095 15.

3821 4197 3938 4268 31.

2778 4427 3115 4459 *-
