4942 6175
1449 668 1654 736 100‘
2610 660 3352 733 1.A.1·'11u1n

1353 900 1366 907 ·
1447 875 1674 977 magis
1725 884 1872 952 erat
1925 877 2162 977 legum
2221 872 2690 974 descriptioni.
2792 868 3016 947 Vetus
3066 870 3180 946 ius
3226 867 3528 968 patrium
3548 924 3570 957 ,
3618 872 3893 966 recepto
3938 865 4089 942 iure
4130 867 4495 960 Francioo,

1449 1003 1520 1085 et
1575 996 2049 1097 progressione
2105 993 2386 1071 carebat
2437 999 2509 1068 et
2562 990 3015 1091 explicatione
3066 987 3576 1065 destituebatur
3592 1043 3613 1075 ,
3670 992 3745 1060 et
3780 1010 3887 1062 ne
3930 986 4031 1061 ita
4076 987 4363 1086 quidem
4416 998 4495 1065 nt

1449 1115 1808 1215 oportebat
1839 1116 2146 1217 dignum
2197 1113 2587 1219 habebatur
2638 1109 3054 1212 cognitione.
3153 1108 3281 1186 Ius
3326 1107 3731 1185 Francicum
3753 1164 3775 1197 ,
3824 1131 4059 1183 recens
4086 1107 4447 1185 inductum
4468 1168 4489 1199 ,

1445 1259 1584 1310 non
1627 1234 1888 1309 radices
1935 1242 2172 1336 egerat
2218 1256 2445 1333 neque
2488 1240 2612 1308 aut
2660 1254 2799 1307 usu
2838 1241 2963 1307 aut
3014 1228 3302 1307 scientia
3342 1227 3508 1305 satis
3554 1226 4285 1327 comprehendebatur.
4356 1231 4487 1305 Ac-

1445 1353 1738 1430 cedebat
1787 1354 1976 1453 quod
2025 1356 2114 1429 de
2177 1356 2330 1454 ipsa
2347 1412 2368 1443 ,
2417 1377 2631 1452 quam
2678 1351 2749 1427 in
2794 1350 3238 1427 conficiendis
3279 1346 3655 1425 Codicibus
3698 1355 4184 1447 sequerentur,
4233 1349 4491 1425 ratione

1445 1473 1534 1548 ab
1598 1472 1798 1549 initio
1856 1455 2038 1549 inter
2097 1474 2525 1574 legislatores
2598 1496 2737 1547 non
2806 1470 3185 1547 constabat.
3286 1468 3533 1546 Batavi
3598 1468 3893 1544 Codices
3954 1468 4279 1544 volebant
4344 1494 4491 1545 vere

1443 1592 1703 1693 patrios
1723 1652 1742 1682 ,
1814 1618 1950 1669 non
2023 1593 2310 1693 quidem
2383 1618 2424 1667 a
2494 1591 3006 1690 Napoleonticis
3064 1590 3347 1665 omnino
3394 1588 3698 1664 diversos
3715 1647 3736 1678 ,
3788 1588 3914 1664 sed
3958 1588 4213 1688 patrios
4258 1595 4489 1663 tamen

1447 1721 1518 1786 et
1568 1712 1808 1811 patriis
1851 1713 2163 1789 moribus
2202 1736 2564 1812 congruos.
2667 1712 2913 1811 Belgae
2954 1717 3191 1785 eontra
3232 1709 3436 1785 aliam
3486 1708 3899 1785 sententiam
3940 1709 4489 1809 propugnabant.

1445 1832 1798 1907 Nimirum
1885 1834 2070 1909 idem
2163 1834 2485 1908 volebant
2556 1832 2746 1932 quod
2814 1840 3018 1907 antea
3087 1829 3441 1905 Ludovico
3510 1828 3659 1928 regi
3738 1829 4127 1928 placuerat,
4202 1828 4489 1904 Codices

1442 1952 1664 2052 patria
1717 1952 2001 2051 quidem
2053 1952 2292 2055 lingua
2343 1954 2767 2052 conscriptos
2790 2012 2809 2041 ‚
2879 1976 3113 2027 revera
3162 1957 3391 2026 tamen
3440 1949 3807 2027 Francicus
3851 1958 3925 2025 et
3967 1949 4060 2025 ad
4102 1950 4487 2050 Napoleon-

1434 2072 1735 2161 ticaru‘m
1801 2071 2037 2172 legum
2098 2073 2480 2173 imaginem
2544 2096 2920 2173 expressos.
3020 2074 3115 2159 Et
3168 2071 3533 2147 videbatur
3580 2070 3866 2170 quidem
3918 2070 4103 2170 prior
4154 2069 4488 2145 sententia

1447 2216 1804 2289 superare,
1874 2216 2107 2287 verum
2131 2252 2150 2281 ‚
2204 2194 2264 2267 si
2313 2194 2390 2268 id
2437 2193 2625 2292 quod
2673 2192 2933 2269 factum
2980 2198 3087 2267 est
3136 2199 3527 2291 spectamus
3546 2249 3565 2279 ,
3629 2191 3768 2266 voti
3812 2198 4166 2291 compotes
4212 2192 4489 2267 fuerunt

1442 2311 1592 2386 eius
1657 2311 2044 2387 adversarii.
2147 2314 2398 2388 Postea
2461 2313 2648 2387 enim
2710 2338 2920 2413 quam
2984 2311 3243 2412 Belgae
3290 2336 3332 2385 a
3379 2310 3663 2387 Batavis
3716 2311 4013 2411 separati
4057 2319 4225 2386 sunt
4242 2370 4263 2400 ,
4312 2310 4485 2386 facta

1441 2440 1548 2505 est
1609 2432 1892 2530 quidem
1962 2432 2259 2509 latorum
2331 2416 2671 2509 Codicum
2738 2431 3030 2531 repetita
3085 2430 3451 2532 praelectio
3469 2490 3489 2521 ,
3554 2438 3625 2505 et
3672 2432 4033 2507 dicebatur
4076 2456 4160 2506 ea
4208 2432 4482 2507 demum

1440 2549 1834 2650 adaptanda
1901 2577 2051 2628 esse
2121 2554 2435 2629 moribus
2498 2553 2785 2643 nostris,
2852 2559 2925 2627 et
2947 2611 2966 2640 ‚
3029 2551 3119 2627 ab
3184 2550 3373 2626 omni
3428 2558 3818 2627 exterorum
3892 2550 4049 2629 labe
4114 2551 4481 2641 immunis,

1443 2695 1598 2745 vere
1637 2671 1781 2745 fore
1823 2672 2105 2749 Batava.
2209 2674 2308 2747 At
2339 2662 2480 2773 'qui
2525 2679 2676 2747 tum
2730 2672 3083 2747 confectus
3128 2680 3237 2746 est
3286 2670 3522 2747 Codex
3576 2672 4047 2751 IurisCivilis
4090 2672 4483 2747 huiusmodi

1441 2797 1583 2878 est,
1639 2797 1715 2863 ut
1755 2790 1988 2889 potius
2041 2792 2498 2892 appellandus
2548 2792 2639 2867 sit
2686 2816 2861 2867 nova
2906 2791 3183 2870 Codicis
3228 2792 3709 2891 Napoleontiei
3752 2792 3985 2868 editio.
4086 2792 4483 2868 Auctiorem

1441 2916 1675 2985 tamen
1737 2917 1809 2983 et
1867 2910 2404 2987 emendatiorem
2472 2912 2847 2988 editionem
2906 2911 3388 3011 appellandam
3434 2938 3585 2989 esse
3632 2913 3821 2988 haud
3864 2914 4060 2990 facile
4110 2914 4485 2988 affirmave-

1439 3025 1592 3104 rim.
1695 3028 1845 3112 Iam
1898 3029 2348 3108 obmutuerat
2402 3056 2533 3108 vox
2584 3032 2919 3132 Kemperi
2938 3091 2959 3120 ‚
3010 3031 3147 3107 iam
3180 3032 3592 3132 exemplum
3641 3032 3829 3108 illius
3868 3040 3941 3108 et
3985 3032 4375 3109 adhortatio
4417 3031 4485 3106 in

1441 3147 1855 3225 oblivionem
1913 3151 2213 3229 abierat:
2291 3152 2413 3251 qui
2463 3152 2743 3254 quidem
2808 3177 3027 3251 quum
3074 3143 3257 3228 anno
3307 3153 3517 3228 huius
3562 3154 3819 3230 saeculi
3870 3162 4065 3230 sexto
4112 3154 4377 3228 decimo
4418 3161 4485 3228 et

1441 3267 1698 3344 iterum
1757 3270 2078 3348 vicesimo
2141 3297 2319 3371 opus
2389 3273 2850 3361 condidisset,
2921 3272 3262 3350 eruditius
3316 3273 3603 3348 fortasse
3650 3298 3861 3374 quam
3910 3273 4003 3372 ad
4050 3297 4485 3349 communem

1351 3451 1365 3462 ,
1443 3387 1814 3465 utilitatem
1889 3415 2168 3469 necesse
2242 3401 2388 3470 erat
2406 3452 2426 3483 ,
2498 3401 2571 3468 at
2617 3400 2849 3468 tamen
2899 3400 2971 3468 et
3012 3393 3363 3468 eruditum
3402 3401 3473 3468 et
3520 3394 3691 3470 utile
3732 3403 3803 3470 et
3852 3395 4137 3471 omnino
4194 3393 4483 3494 praecla-

1438 3533 1594 3584 rum
1616 3567 1637 3598 ‚
1705 3509 1962 3586 frustra
2023 3511 2371 3589 laborasse
2437 3522 2509 3588 et
2561 3513 2835 3588 locutus
2882 3513 3117 3588 inania
3159 3513 3541 3590 videbatur.
3641 3513 3912 3616 Viginti
3966 3516 4281 3616 quinque
4328 3513 4483 3590 anni

1437 3627 1862 3727 disputando
1927 3637 1998 3704 et
2063 3630 2468 3708 haesitando
2492 3691 2510 3720 ,
2578 3633 2751 3707 nihil
2818 3632 3286 3722 decernendo,
3357 3633 3531 3709 nihil
3578 3634 4103 3726 constituendo,
4156 3637 4227 3711 in
4270 3634 4480 3710 omni·

1437 3745 1574 3820 bus
1641 3747 1850 3825 rebus
1906 3749 2318 3849 paciscendo
2359 3760 2432 3826 et
2484 3752 2940 3852 transigendo
2990 3753 3315 3829 transacti
3364 3761 3547 3830 sunt.
3650 3757 3799 3834 Qui
3848 3766 4217 3857 postquam
4270 3765 4483 3831 trans·

1437 3865 1577 3940 aeti
1627 3875 1824 3958 sunt,
1864 3895 2052 3969 ,opus
2098 3871 2391 3971 prodiit,
2441 3897 2583 3948 non
2634 3881 2909 3948 tantum
2968 3897 3050 3947 eo
3098 3872 3288 3971 quod
3340 3873 3737 3973 Kemperus
3788 3885 4239 3976 proposuerat
4288 3876 4483 3975 longe

1437 3985 1760 4076 inferius,
1833 4013 2068 4065 verum
2141 4017 2293 4067 mea
2359 3995 2643 4092 quidem
2712 3993 3055 4069 sententia
3118 3994 3327 4069 etiam
3396 3995 3725 4071 Francioo
3774 3995 4017 4072 Codici
4069 4005 4477 4097 postponen-

1439 4099 1632 4181 dum.
1734 4108 1886 4182 Nec
1929 4107 2018 4182 de
2065 4110 2320 4185 Codice
2364 4113 2777 4188 Mercatario
2816 4115 3099 4189 meliora
3140 4139 3291 4189 esse
3331 4113 3589 4188 iudicia
3630 4125 3941 4213 possunt.
4040 4118 4171 4192 Est
4202 4117 4477 4216 quidem

1333 4282 1336 4284 ψ
1435 4227 1724 4302 fortasse
1777 4226 2018 4302 melior
2068 4227 2326 4304 Codice
2371 4228 2577 4304 Civili
2598 4287 2619 4319 ,
2640 4259 2648 4266 ·
2668 4239 2973 4329 praestat
3020 4233 3231 4308 etiam
3281 4232 3539 4331 aliquo.
3570 4235 3775 4310 modo
3826 4235 4068 4312 Codici
4122 4237 4477 4323 Franeioo‚

1435 4347 1525 4420 ad
1585 4347 1786 4422 cuius
1854 4347 2204 4448 exemplar
2251 4350 2675 4450 compositus
2726 4357 2854 4426 est.
2957 4351 3233 4429 Quodsi
3282 4376 3441 4428 vero
3492 4353 3697 4430 talem
3754 4355 4153 4453 quaerimus
4208 4356 4475 4456 qualem

1434 4489 1583 4575 esse
1646 4467 2045 4567 oportebat,
2117 4469 2389 4544 etiamsi
2449 4494 2612 4545 eum
2671 4494 2835 4544 non.
2866 4471 3211 4572 exigimus
3264 4473 3353 4548 ad
3406 4497 3603 4549 verae
3656 4475 3975 4550 utilitatis
4024 4484 4096 4552 et
4142 4477 4475 4577 perfectae

1431 4583 1794 4660 cuiusdam
1860 4587 2035 4688 legis
2101 4590 2451 4689 exemplar
2472 4648 2493 4679 ,
2560 4591 2685 4664 sed
2762 4591 2820 4665 si
2889 4615 3367 4690 comparamus
3437 4616 3597 4668 eum
3660 4619 3822 4670 eum
3872 4619 3957 4670 eo
4011 4597 4305 4682 Codice,
4356 4594 4473 4694 qni

1434 4711 1596 4778 ante
1664 4704 1790 4779 hos
1865 4730 2122 4805 paucos
2159 4734 2408 4786 annos
2471 4711 2547 4785 in
2614 4711 2989 4787 Germania
3050 4714 3469 4789 constitutus
3518 4720 3667 4802 est,
3728 4723 3963 4791 nostro
4018 4723 4189 4792 tunc
4236 4714 4471 4790 Codici

1429 4833 1502 4899 et
1547 4824 1638 4901 ad
1685 4824 2298 4926 iurisprudentiam
2345 4838 2418 4905 et
2463 4830 2557 4907 ad
2604 4855 2811 4909 usum
2860 4833 3205 4933 permulta
3251 4836 3493 4912 deesse
3538 4835 3919 4936 apparebit.
