4942 6175
1462 647 1593 714 ne
2621 642 3358 714 1.A.1·'RU1N

1457 855 1707 930 mediis
1752 854 1919 932 Orci
1958 853 2281 931 faucibus
2320 861 2638 953 ereptum
2663 909 2684 941 ,
2731 851 3023 952 patriae,
3082 848 3502 950 disciplinis,
3551 845 3906 948 discipulis
3953 847 4308 926 redditum
4359 874 4512 926 esse

1455 975 1769 1074 impense
1846 973 2267 1076 gaudemus.
2368 972 2669 1048 Absenti
2749 971 3074 1072 Collegae
3131 968 3466 1070 gratulari
3529 991 3670 1044 non
3739 993 4068 1068 possum;
4147 977 4294 1044 tota
4353 995 4512 1046 vero

1460 1101 1693 1168 mente
1750 1091 2169 1168 Academiae
2214 1091 2528 1190 gratulor
2547 1149 2570 1179 ,
2620 1113 2804 1190 quae
2859 1097 3056 1166 tanto
3105 1089 3249 1164 viro
3293 1087 3738 1164 reviviscente
3755 1145 3776 1178 ,
3821 1088 3975 1188 ipsa
4015 1112 4296 1188 quoque
4335 1090 4510 1164 revi-

1460 1212 1715 1288 viscere
1778 1210 2069 1286 videtur.
2174 1211 2409 1288 Quam
2475 1207 2990 1307 irreparabilem
3031 1205 3184 1282 eius
3223 1204 3422 1281 obitu
3461 1203 3794 1282 iacturam
3845 1205 4118 1282 fecisset
4135 1264 4157 1296 ,
4199 1231 4510 1282 enarrare

1458 1355 1597 1406 non
1660 1338 1767 1406 est
1828 1355 2109 1406 meum·
2160 1328 2540 1404 Consulem
2609 1327 2794 1402 enim
2843 1327 2978 1404 nisi
3023 1350 3068 1400 a
3114 1325 3418 1401 Consule
3465 1324 3732 1400 laudari
3776 1349 3916 1400 non
3963 1335 4254 1426 oportet.
4353 1326 4510 1402 Hoc

1460 1474 1682 1526 unum
1734 1449 2079 1526 delibabo.
2182 1450 2269 1523 In
2332 1447 2704 1547 Miquellio
2759 1471 2980 1546 quum
3025 1454 3098 1522 et
3147 1445 3284 1522 alis
3335 1445 3478 1520 sint
3523 1445 3996 1535 admirabilis,
4047 1453 4202 1522 tum
4249 1445 4508 1522 incom-

1458 1569 1767 1670 parabile
1828 1568 1973 1644 fere
2038 1569 2113 1642 in
2182 1567 2554 1668 deligenda
2623 1575 2808 1644 recte
2873 1567 3165 1644 docendi
3225 1566 3490 1643 ratione
3557 1591 3640 1642 ac
3703 1566 3814 1640 via
3861 1564 4196 1642 iudicium
4243 1589 4509 1666 semper

1462 1689 1727 1776 elucet,
1791 1687 1863 1760 in
1922 1686 2307 1786 eademque
2366 1686 2520 1763 aliis
2586 1687 3192 1763 commonstranda
3251 1685 3602 1762 indefessa
3647 1685 3986 1762 voluntas.
4085 1684 4202 1760 Sic
4249 1685 4502 1762 factum

1458 1817 1607 1897 est,
1670 1815 1749 1882 ut
1816 1830 2028 1906 quem
2096 1807 2335 1882 colunt
2400 1814 2474 1882 et
2517 1805 2910 1906 suspiciunt
2953 1807 3294 1906 collegae,
3339 1804 3644 1880 eundem
3687 1827 3962 1880 summo
4007 1827 4238 1880 amore
4279 1827 4504 1904 prose-

1460 1935 1767 2026 quantur
1788 1926 2129 2026 discipuli.
2208 1927 2494 2006 Quibus
2515 1934 2596 2002 ut
2621 1926 2746 2002 diu
2771 1927 3216 2026 multumque
3234 1925 3486 2026 prosit,
3525 1924 3648 2001 det
3671 1924 3990 2024 precibus
4010 1925 4262 2000 nostris
4283 1925 4502 2000 Deusl

1556 2167 1704 2247 Qui
1764 2165 2209 2265 Miquellium
2276 2165 2580 2266 cogitat,
2647 2165 2748 2242 'l'e
2813 2189 3094 2265 quoque
3153 2165 3452 2264 cogitat,
3517 2165 3628 2242 cl.
3697 2164 4022 2254 Mulder,
4089 2173 4164 2240 et
4213 2163 4508 2242 amicitia

1460 2287 1651 2362 fideli
1697 2294 1767 2360 et
1810 2284 2217 2362 consociatis
2264 2284 2594 2361 laudibus
2643 2283 2744 2360 illi
2789 2285 3260 2362 coniunctum.
3362 2286 3714 2362 Omnibus
3767 2285 3880 2360 'l'u
3929 2284 4132 2360 bonis
4178 2285 4502 2386 plauden-

1460 2406 1651 2482 tibus
1697 2407 2023 2506 quintum
2064 2428 2287 2504 nuper
2330 2404 2796 2482 Professionis
2839 2405 3136 2482 lustrum
3177 2405 3538 2507 peregisti,
3581 2414 3654 2482 et
3687 2405 3787 2481 ita
3829 2405 4112 2502 quidem
4153 2403 4502 2504 peregisti,

1458 2533 1541 2601 ut
1600 2527 1723 2626 qui
1780 2525 1873 2602 ad
1930 2549 2205 2602 summa
2274 2525 2601 2600 nituntur
2679 2524 2856 2600 nihil
2920 2525 3113 2602 aliud
3165 2525 3472 2626 cogitent
3509 2525 3644 2600 nisi
3681 2523 4034 2624 quomodo
4075 2525 4344 2624 possint
4379 2523 4505 2600 'l'ui

1458 2670 1670 2744 quam
1726 2645 2059 2720 simillimi
2104 2645 2413 2720 evadere.
2518 2643 2669 2733 Tu,
2715 2643 2844 2717 Vir
2891 2645 3517 2743 praestantissime,
3563 2667 3772 2744 quem
3814 2641 4204 2720 Chemiae
4183 2669 4258 2718 ιιι
4297 2643 4506 2744 patris

1460 2773 1695 2838 nostra
1750 2771 2019 2863 patrem
2068 2787 2476 2840 veneramur
2519 2771 2591 2838 et
2637 2763 3010 2862 pricipem,
3056 2763 3146 2840 ad
3189 2765 3428 2841 illud
3405 2789 3548 2842 iam
3598 2763 3872 2840 dudum
3913 2762 4280 2865 pervenisti
4322 2763 4507 2840 fasti·

1460 2881 1701 2982 gium,
1762 2891 1841 2957 ut
1894 2881 2169 2958 nullum
2230 2880 2486 2960 habeas
2507 2940 2528 2973 ,
2589 2883 2714 2983 qui
2760 2881 3114 2960 doctrinae
3159 2883 3350 2960 fama
3391 2894 3464 2962 et
3505 2884 3770 2961 meritis
3807 2881 4128 2960 Tecum
4107 2906 4182 2956 ιιι
4223 2882 4354 2956 hoc
4389 2905 4508 2982 ge·

1459 3027 1625 3078 nere
1682 3002 2075 3080 contendat.
2176 3002 2373 3093 Tibi,
2438 3003 2630 3103 quod
2692 3003 2992 3080 facimus
3010 3061 3032 3096 ,
3091 3004 3332 3081 omnia
3375 3004 3605 3082 fausta
3647 3013 4094 3105 apprecantes
4113 3061 4134 3093 ,
4173 3025 4300 3103 pro
4339 3004 4507 3078 Aca·

1460 3124 1732 3201 demiae
1790 3149 2069 3225 quoque
2128 3124 2351 3201 salute
2408 3133 2568 3201 vota
2633 3124 2946 3203 facimus.
3047 3127 3148 3202 'I'e
3207 3126 3392 3203 enim
3449 3126 3663 3215 duce,
3705 3148 3844 3200 non
3881 3122 4216 3199 Chemiae
4253 3122 4466 3197 solum
4483 3176 4502 3208 ,

1460 3244 1535 3319 in
1612 3268 1754 3343 qua
1824 3268 2073 3345 regnas
2090 3302 2111 3335 ,
2188 3245 2313 3319 sed
2388 3246 2710 3345 generale
2795 3245 3006 3322 etiam
3069 3246 3248 3322 illud
3299 3247 3614 3325 studium
3671 3244 3980 3335 florebit,
4053 3244 4246 3343 quod
4299 3264 4506 3343 nuper

1462 3362 1817 3463 eleganter
1862 3364 2457 3440 commendavisti.

1558 3604 1873 3681 Eandem
1922 3628 2136 3705 quam
2190 3606 2520 3683 Muldero
2539 3658 2560 3697 ,
2611 3604 2772 3680 Tibi
2816 3628 3098 3703 quoque
3149 3604 3552 3681 felicitatem
3595 3628 3680 3679 ex
3723 3602 3938 3679 animi
3979 3602 4322 3679 sententis
4359 3626 4504 3701 grs-

1462 3723 1771 3799 tulamur
1788 3779 1809 3812 ,
1875 3722 1983 3799 cl.
2044 3722 2304 3823 Loncq.
2404 3722 2670 3799 Eodem
2725 3721 2868 3798 fere
2915 3730 3226 3822 tempore
3273 3723 3386 3798 Τιι
3431 3723 3689 3799 festum
3739 3721 3900 3798 Tibi
3947 3721 4290 3822 nobisque
4332 3720 4506 3797 diem

1463 3842 1889 3917 celebravisti
1910 3899 1930 3930 ‚
1993 3868 2137 3942 quo
2180 3852 2343 3919 ante
2394 3842 2522 3917 bos
2574 3840 2822 3941 viginti
2867 3841 3177 3941 quinque
3229 3867 3448 3921 annos
3491 3842 3919 3919 Medicinam
3965 3840 4244 3942 publica
4285 3850 4508 3917 aucto·

1464 3960 1667 4035 ritate
1722 3961 1795 4033 in
1864 3960 2069 4036 hacce
2140 3963 2521 4039 Academia
2587 3960 2859 4037 tradere
2929 3962 3235 4065 coepisti.
3337 3964 3605 4039 Rarum
3653 3961 3958 4063 profecto
4005 3968 4077 4036 et
4129 3960 4472 4061 singulare
4489 4016 4508 4047 ,

1466 4078 1592 4153 Vir
1656 4078 2094 4153 Amicissime
2112 4136 2133 4169 ,
2199 4082 2357 4155 'ribi
2423 4080 2679 4181 obtigit
2743 4081 2879 4155 Dei
2948 4081 3387 4160 beneficium.
3487 4084 3598 4159 Τιι
3647 4082 3904 4159 scilicet
3922 4140 3944 4172 ,
3991 4080 4116 4182 qui
4160 4080 4386 4182 prima
4426 4078 4510 4155 ab

1460 4196 1755 4273 infantia
1821 4195 2019 4270 tenui
2086 4195 2283 4271 fuisti
2354 4197 2748 4273 valetudine
2769 4254 2790 4286 ,
2872 4221 3098 4291 nunc,
3169 4201 3590 4301 provectiore
3647 4202 3785 4279 iam
3839 4209 4064 4277 aetate
4084 4258 4105 4291 ,
4153 4226 4296 4277 non
4349 4199 4512 4275 vivis

1462 4317 1685 4394 solum
1706 4374 1727 4405 ,
1794 4316 1919 4391 sed
1976 4315 2077 4391 ita
2132 4316 2303 4391 vivis
2322 4374 2343 4407 ,
2412 4326 2494 4393 ut
2546 4317 2827 4417 longam
2887 4317 3048 4395 Tibi
3099 4320 3244 4397 fore
3297 4320 3511 4396 vitam
3553 4328 3628 4397 et
3669 4321 4108 4422 praesagiunt
4153 4320 4404 4397 medici
4445 4328 4514 4395 et

1466 4437 1906 4514 vehementer
1973 4444 2251 4536 sperent
2305 4462 2550 4513 omnes
2563 4496 2584 4527 ,
2658 4436 2923 4536 quibus
2987 4438 3140 4515 laus
3183 4440 3574 4519 Medicinae
3619 4443 3920 4517 Batavae
3959 4466 4164 4517 curae
4209 4452 4282 4515 et
4327 4438 4514 4515 cordi

1464 4571 1591 4637 est.
1692 4561 1975 4640 Quibus
2013 4560 2281 4637 utinam
2320 4584 2447 4637 sua
2493 4568 2652 4637 vota
2696 4562 3142 4663 contingant!
3217 4564 3422 4639 Faxit
3465 4564 3660 4639 Deus
3709 4570 3790 4640 ut
3830 4587 3954 4662 per
4003 4562 4262 4639 multos
4301 4584 4512 4637 annos

1459 4680 1906 4756 Academiam
1960 4706 2199 4756 ornare
2218 4739 2241 4771 ,
2292 4681 2656 4781 discipulis
2673 4738 2694 4771 ,
2747 4706 3046 4781 quorum
3101 4690 3378 4784 gratam
3429 4682 3592 4759 'I'ibi
3635 4682 4058 4759 voluntatem
4105 4679 4510 4768 devinxisti‚

1466 4800 1793 4902 prodesse
1840 4801 2125 4899 pergas!
