4942 6175
1759 653 2320 726 ORATIO.
3468 656 3551 723 1⁷

493 864 820 941 facultate
859 865 1190 941 litteraria
1237 875 1309 942 et
1353 865 1645 941 iuridica
1660 922 1684 955 ,
1733 864 1950 941 victor
1990 872 2358 940 coronatus
2401 887 2717 939 summos
2764 864 2835 939 in
2882 870 3179 963 utraque
3216 862 3545 938 facultate

491 985 786 1060 honores
850 984 951 1061 ita
1019 984 1183 1061 tulit
1256 992 1336 1059 ut
1405 984 1621 1061 libelli
1678 986 1768 1060 ab
1835 1009 1920 1059 eo
1980 985 2050 1060 in
2115 1008 2268 1059 eam
2328 1006 2475 1057 rem
2528 982 2901 1082 conscripti
2949 982 3351 1059 etiamnunc
3396 982 3545 1057 lau·

493 1104 770 1181 dentur.

591 1223 737 1299 Ubi
777 1222 852 1297 in
901 1223 1082 1299 vitae
1124 1223 1348 1297 lucem
1395 1228 1468 1296 et
1507 1222 1778 1322 praxim
1828 1222 2122 1320 prodiit,
2173 1228 2501 1320 expertus
2544 1232 2651 1295 est
2689 1221 2935 1320 quanti
2972 1231 3153 1297 esset
3192 1221 3267 1295 in
3303 1221 3543 1295 iuven-

495 1350 648 1417 tute
691 1342 912 1417 latum
955 1340 1256 1417 theoriae
1306 1341 1650 1417 ambitum
1693 1349 1842 1417 tota
1879 1349 2111 1416 mente
2161 1349 2233 1415 et
2283 1340 2553 1416 intento
2600 1339 2835 1414 studio
2878 1341 3317 1441 complexum
3366 1364 3539 1416 esse.

496 1460 613 1536 Ad
678 1485 936 1536 munus
1000 1459 1376 1536 Minister-ii
1431 1460 1706 1537 Publici
1764 1468 2048 1537 vocatus
2105 1468 2354 1560 sponte
2395 1459 2468 1535 in
2522 1460 2673 1535 iure
2725 1459 3063 1535 criminali
3110 1459 3553 1535 tabernacula

493 1580 729 1680 posuit
787 1580 1332 1680 conscripsitque
1401 1581 1490 1657 de
1559 1581 1690 1657 hac
1749 1580 1922 1656 iuris
1983 1589 2190 1681 parte,
2236 1580 2869 1660 Quaestiones
2932 1604 3111 1678 quae
3171 1588 3552 1679 utcumque

494 1699 838 1775 breviores
916 1722 1056 1775 non
1133 1700 1596 1776 obscurantur
1672 1700 2036 1801 splendore
2107 1700 2442 1777 luculenti
2510 1698 2669 1775 libri
2743 1723 2953 1797 quem
3026 1724 3109 1775 ea
3174 1699 3261 1774 de
3328 1724 3402 1775 re
3464 1699 3548 1776 cl.

493 1821 584 1894 de
629 1819 860 1895 Bosch
909 1820 1224 1920 Kemper
1272 1820 1682 1921 composuit.

595 1940 846 2040 Neque
911 1941 978 2015 ei
1051 1940 1286 2016 minus
1348 1942 1468 2017 illa
1525 1940 1758 2017 studia
1818 1940 2227 2040 profuerunt
2240 1998 2262 2028 ‚
2329 1963 2553 2040 quum
2602 1938 2764 2013 huic
2814 1937 3075 2014 civitati
3118 1936 3553 2037 praepositus

493 2067 642 2146 est,
691 2058 808 2133 cui
847 2057 952 2133 ita
1003 2057 1346 2159 praefuit,
1397 2059 1496 2134 ita
1541 2058 1932 2147 consuluit,
1982 2059 2084 2133 ita
2126 2082 2238 2133 res
2283 2058 2436 2133 eius
2484 2081 2727 2133 omnes
2773 2058 3154 2164 prudenter
3194 2057 3553 2157 periteque

495 2178 1004 2255 administravit
1073 2188 1156 2253 ut
1229 2178 1426 2254 facile
1481 2188 1842 2279 appareret
1900 2178 1966 2253 ei
2036 2178 2328 2254 solidam
2401 2178 2786 2253 doctrinam
2846 2178 3111 2278 ubique
3164 2186 3550 2279 suppetere.

495 2296 877 2397 Augebant
950 2297 1076 2373 has
1131 2298 1397 2398 ingenii
1466 2297 1664 2373 dotes
1709 2298 2098 2398 praeclarae
2143 2298 2360 2375 animi
2406 2297 2717 2373 virtutes.
2820 2299 3004 2378 Quis
3050 2296 3554 2397 Siegenbeekio

492 2416 862 2492 humanior
880 2418 916 2490 P
965 2415 1154 2492 idem
1201 2416 1276 2491 et
1313 2416 1426 2491 sui
1464 2416 1708 2491 iudicii
1745 2416 1816 2491 et
1853 2418 2030 2492 lenis
2073 2441 2239 2515 erga
2278 2416 2768 2491 dissentientes
2786 2473 2808 2505 ,
2856 2418 3263 2492 commodus
3276 2473 3297 2504 ,
3336 2415 3555 2491 facilia

494 2541 566 2609 et
611 2534 802 2610 idem
851 2534 1084 2633 gravis
1133 2543 1205 2610 et
1249 2542 1596 2610 constans.

591 2652 790 2733 Quid
853 2652 976 2728 tali
1036 2655 1176 2729 viro
1233 2654 1466 2753 potuit
1511 2654 1886 2731 iucundius
1935 2652 2245 2729 accidere
2265 2710 2286 2743 ,
2339 2677 2561 2753 quum
2619 2653 2712 2729 ad
2755 2654 2965 2729 huius
3018 2654 3317 2731 civitatis
3372 2655 3553 2755 regi·

496 2796 654 2847 men
726 2780 1121 2862 vocaretur,
1198 2798 1411 2873 quam
1489 2781 1573 2849 ut
1649 2774 1862 2850 simul
1934 2782 2290 2849 vocaretur
2335 2773 2408 2849 in
2467 2774 2645 2849 illud
2688 2773 3057 2873 collegium
3110 2776 3299 2873 quod
3346 2774 3555 2851 dilec-

501 2892 840 2967 tissimam
885 2892 1022 2967 sibi
1065 2894 1517 2970 Academiam
1559 2894 1890 2971 tuebatur
1926 2893 2386 2993 fovebatque3
2437 2894 2613 2993 quid
2652 2894 2788 2994 ipsi
2820 2894 3241 2969 Academiae
3287 2895 3559 2971 evenire

493 3010 724 3111 potuit
793 3012 1148 3112 acceptius
1207 3037 1419 3114 quam
1469 3023 1552 3090 ut
1601 3023 1900 3090 veterem
1949 3014 2310 3090 alumnum
2365 3038 2605 3090 carum
2657 3014 2830 3104 sibi,
2882 3013 2993 3089 sui
3042 3014 3433 3091 studiosum
3487 3025 3559 3092 et

493 3139 844 3208 amantem
867 3188 888 3219 ,
965 3133 1164 3233 pium
1190 3191 1210 3222 ‚
1291 3133 1698 3234 diligentem
1720 3191 1741 3222 ,
1821 3143 2185 3208 strenuum
2261 3134 2334 3208 in
2407 3135 2828 3210 Curatorum
2896 3159 3185 3210 numero
3247 3135 3555 3214 haberet.

495 3252 706 3332 Quod
783 3251 876 3326 ab
949 3251 1074 3326 illo
1145 3253 1676 3354 exspectabatur
1749 3254 1949 3329 factis
2011 3254 2377 3354 praestitit.
2502 3255 2799 3334 Quoties
2854 3254 3327 3331 intelleximus
3392 3281 3555 3332 eum

493 3368 696 3444 nobis
745 3370 1092 3448 universis
1135 3381 1208 3448 et
1257 3373 1551 3473 singulis
1601 3373 1866 3473 optimc
1909 3374 2102 3449 velle.
2206 3372 2339 3449 Vel
2379 3374 2557 3450 illud
2591 3375 2823 3474 ipsum
2866 3375 3060 3474 quod
3099 3375 3552 3451 novissimum

497 3489 842 3589 praestitit
895 3490 972 3565 id
1019 3491 1188 3568 satis
1231 3493 1557 3569 ostendit.
1652 3495 1974 3569 Dolorem
2025 3518 2232 3569 suum
2255 3552 2276 3583 ,
2327 3519 2493 3572 suas
2539 3495 2887 3572 molestias
2914 3519 3095 3594 prae
3138 3495 3553 3571 Academiae

497 3608 717 3683 salute
763 3611 1157 3687 contemsit.
2233 3607 2242 3616 ’

596 3728 936 3828 Magnam
957 3788 980 3820 ‚
1055 3755 1381 3830 magnam
1453 3733 1528 3806 in
1598 3731 2100 3834 Siegenbeekio
2163 3733 2496 3810 iacturam
2575 3732 2867 3808 fecimus
2883 3790 2905 3822 ,
2968 3741 3041 3806 et
3087 3757 3227 3833 quo
3272 3732 3552 3832 gravius

499 3845 717 3922 animi
778 3848 854 3922 in
912 3851 1242 3948 praeclari
1303 3852 1430 3928 viri
1481 3861 1704 3929 morte
1751 3851 2079 3928 commoti
2130 3859 2332 3941 sunt,
2399 3877 2485 3928 eo
2530 3851 2840 3927 stabilior
2881 3851 2954 3925 in
3001 3852 3252 3927 animis
3298 3853 3551 3927 nostris

499 3968 830 4043 memoria
903 3969 1030 4045 viri
1087 3970 1400 4047 manebit
1418 4029 1441 4061 ,
1509 3980 1582 4047 et
1646 3995 2071 4071 quamquam
2135 3972 2284 4070 ipse
2344 3996 2387 4046 a
2449 3970 2653 4045 nobis
2706 3970 3062 4062 discessit,
3127 3972 3549 4072 optimarum

499 4087 753 4162 artium
775 4145 798 4178 ,
849 4112 1032 4187 quae
1079 4089 1152 4165 in
1203 4090 1324 4166 illo
1369 4091 1756 4168 amavimus
1774 4149 1797 4181 ‚
1842 4090 2242 4190 exemplum
2290 4089 2495 4165 nobis
2542 4091 2945 4192 servabitur.

599 4324 684 4397 In
761 4326 1231 4405 Professor-um
1309 4331 1551 4406 ordine
1611 4332 1863 4407 iterum
1933 4330 2278 4406 sensimus
2341 4329 2671 4428 pallidam
2746 4339 3039 4405 mortem
3096 4355 3317 4430 aequo
3370 4331 3549 4429 pede

503 4442 732 4517 venire
795 4452 865 4519 et
926 4456 1270 4524 maturam
1313 4449 1599 4526 senibus
1641 4456 1714 4525 et
1750 4450 2036 4528 celerem
2083 4449 2169 4524 iis
2214 4449 2339 4549 qui
2379 4448 2521 4524 sint
2560 4449 2634 4524 in
2677 4451 2918 4526 robore
2962 4459 3031 4524 et
3068 4451 3235 4525 flore
3278 4453 3543 4528 aetatis.

501 4561 864 4662 Lugemus
915 4574 1156 4640 exacta
1195 4576 1422 4644 aetate
1457 4593 1696 4644 senem
1739 4568 2342 4667 Peerlkampium3
2392 4568 2463 4642 in
2514 4569 2745 4644 medio
2783 4569 3029 4645 aetatis
3068 4593 3279 4646 cursu
3310 4571 3550 4670 vigens

502 4681 875 4781 valensque
950 4683 1402 4764 Halbertsma
1471 4687 1794 4764 concidit.
1891 4688 2100 4764 Pium
2179 4687 2589 4788 parentandi
2650 4689 2951 4765 officium
3016 4689 3293 4790 utrique
3359 4716 3553 4791 prae-

503 4802 856 4879 standum.
2106 4806 2111 4813 ’

3162 4931 3210 5004 3
