4942 6175
1476 678 1872 747 SERIES
1939 678 2599 747 LECTIONUM.
3426 678 3555 744 131

615 883 1038 983 Theoloqiam
1081 886 1391 963 biblicam
1435 886 1618 963 Novi
1661 890 1988 964 Foedetis
2033 910 2372 989 exponere
2417 894 2661 987 perget
2702 911 2752 963 1.
2804 910 2855 963 1.
2910 908 3057 961 VAN
3093 905 3509 961 oosrnaznn
3529 940 3553 972 ,

513 1001 624 1077 die
675 1006 962 1096 Martis,
1013 1008 1182 1083 hora
1223 1006 1374 1087 ΧΠ.
2662 1103 2667 1107 ,

619 1126 1018 1226 Theoloyiae
1087 1128 1532 1227 Dogmaticae
1599 1135 1862 1225 partem
1907 1130 2275 1221 formalem
2328 1128 2602 1203 docebit
2659 1151 2710 1201 1.
2773 1151 2824 1201 1.
2887 1147 3036 1200 vau
3102 1146 3551 1212 oosrnaznu,

522 1242 770 1319 diebus
817 1246 1186 1337 Mercurii,
1234 1246 1419 1321 Iovis
1467 1254 1541 1323 et
1585 1246 1916 1337 Veneris,
1963 1246 2150 1343 hora,
2178 1249 2296 1323 IX.

618 1368 1042 1465 Theoloyiam
1087 1366 1480 1440 Praeticam
1499 1424 1520 1454 ,
1569 1366 1886 1464 inprimis
1933 1366 2412 1441 Homileticam
2456 1366 2683 1439 tradet
2720 1390 2771 1439 1.
2816 1390 2867 1439 1.
2915 1388 3065 1440 van
3102 1388 3551 1455 oosrnnznn,

515 1484 764 1559 diebus
809 1484 994 1558 Iovis
1044 1492 1116 1558 et
1162 1481 1448 1563 Veneris
1467 1542 1488 1573 ,
1540 1484 1707 1561 hora
1757 1487 1840 1561 X.

609 1605 1161 1678 Eoeercitationea
1195 1605 1610 1681 homileticae
1645 1630 1806 1681 cum
1842 1604 2380 1705 provectioribus
2413 1602 2734 1678 instituet
2759 1604 2822 1678 1.'
2841 1627 2892 1679 1.
2919 1625 3067 1677 vm
3099 1626 3511 1679 oosrnnznr.
3528 1663 3550 1693 ,

513 1722 625 1797 die
668 1722 998 1797 Mercurii
1017 1781 1038 1812 ,
1089 1722 1256 1799 hora
1301 1726 1448 1799 XII.

619 1844 970 1942 Eoeeyeain
1024 1842 1298 1919 Veteris
1337 1846 1664 1921 Foederia
1701 1844 1930 1921 tradet
1973 1869 2045 1921 H.
2095 1869 2160 1920 o.
2200 1867 2500 1919 mamas
2516 1902 2539 1934 ,
2588 1841 3123 1942 interpretandis
3168 1841 3559 1940 Prophetae

522 1962 804 2035 Ieaaiae
850 1959 1186 2036 vaticiniis
1202 2018 1224 2050 ,
1273 1961 1386 2035 die
1435 1963 1654 2053 Iovis,
1707 1962 1872 2039 hora
1919 1965 2042 2037 ΧΗ
2059 2023 2079 2054 ,
2129 1962 2244 2038 die
2291 1963 2583 2039 Veneris
2599 2024 2622 2055 ,
2671 1964 2841 2040 hora
2887 1966 3002 2039 XJ.

616 2081 948 2180 Iaayoyen
993 2084 1069 2154 in
1121 2081 1330 2156 libros
1371 2103 1606 2169 sacros
1661 2084 1934 2158 Veteris
1974 2085 2302 2159 Foedera&
2343 2094 2641 2183 exponet
2686 2110 2761 2159 Η.
2810 2110 2873 2160 o.
2922 2105 3219 2158 mnmns
3238 2141 3259 2172 ,
3309 2081 3558 2157 diebus

518 2201 758 2275 Lunae
805 2208 877 2275 et
927 2200 1250 2291 Saturni,
1298 2201 1465 2278 hora
1511 2203 1654 2278 XII.
1817 2214 1824 2221 ’
2732 2292 2739 2299 ,

618 2319 1228 2396 commilitonibus
1245 2380 1266 2409 ,
1338 2322 1678 2398 orationes
1747 2342 1972 2399 sacras
2033 2322 2485 2411 habentibus,
2553 2322 2899 2422 praesides
2948 2322 3286 2411 aderunt,
3350 2331 3561 2420 atque

520 2440 820 2541 publicis
887 2440 1291 2541 disputandi
1353 2441 1958 2517 exercitationibus
2022 2466 2336 2541 praeesse
2400 2443 2621 2542 parati
2683 2450 2851 2518 sunt
2917 2441 3329 2542 Theologiae
3393 2441 3557 2515 Pro-

509 2559 820 2635 fessores.
1169 2571 1172 2574 ’

607 2944 656 2995 1.
706 2944 783 2994 Β.
837 2922 1109 2995 msam
1125 2977 1146 3008 ,
1215 2917 1602 2994 Literarum
1671 2919 2242 2995 Germanicarum
2312 2920 2560 2996 Lector
2578 2978 2599 3009 ,
2679 2917 2926 2993 diebus
2973 2927 3045 2992 et
3089 2917 3273 2993 horis
3320 2926 3559 3017 postea

514 3038 902 3116 indicandis
921 3097 942 3128 ,
1007 3064 1048 3114 e
1115 3039 1378 3114 Diceris
1433 3039 1854 3116 Germanicia
1906 3044 2061 3115 tum
2110 3039 2392 3116 Goethii
2446 3039 2872 3141 tragoediam
2890 3099 2911 3130 ,
2962 3062 3141 3138 quae
3185 3040 3407 3114 Fauat
3450 3038 3555 3112 in-

523 3157 880 3250 scribitur,
951 3167 1102 3234 tum
1183 3158 1394 3236 etiam
1454 3159 1748 3236 aliorum
1816 3159 2225 3261 scriptorum
2281 3162 2534 3238 selecta
2588 3161 2893 3237 carmina
2951 3158 3518 3262 interpretabitur
3530 3191 3553 3247 ;

519 3279 908 3354 Litterarum
975 3279 1523 3354 Germanicarum
1586 3282 1936 3356 historiam
1988 3281 2304 3382 inprimis
2351 3281 2515 3358 inde
2556 3307 2601 3358 a
2646 3281 2917 3358 saeculo
2970 3277 3191 3353 xvm
3234 3287 3551 3381 exponet.

611 3423 663 3474 1.
731 3421 1060 3474 vnmmm
1080 3456 1101 3487 ,
1169 3398 1559 3475 Literarum
1621 3400 2072 3502 Anglicarum
2145 3403 2432 3495 Lector,
2506 3405 2787 3480 Literas
2858 3401 3179 3502 Anylt‘cae
3240 3398 3553 3486 docebit,

517 3519 681 3594 hora
729 3517 1161 3594 auditoribus
1208 3518 1592 3597 commoda.
2451 3505 2454 3510 ¹

614 3663 693 3714 u.
748 3663 817 3714 A.
865 3663 931 3714 Β.
983 3641 1342 3730 nonani-1,
1403 3638 1794 3718 Literarum
1833 3641 2316 3718 Francicarum
2362 3641 2611 3717 Lector
2629 3698 2649 3730 ,
2706 3643 3227 3740 praecipuorum
3267 3639 3547 3734 δαήμο-

521 3785 672 3834 rum
730 3762 981 3836 saeculi
1036 3760 1295 3834 XVII
1327 3761 1578 3837 selecta
1627 3787 1833 3861 opera
1879 3761 2264 3852 enarrabit,
2328 3769 2400 3836 et
2440 3762 2832 3835 Litterarum
2877 3759 3360 3860 Erant-icarum
3411 3757 3548 3830 his-

514 3883 762 3954 toriam
827 3880 1251 3956 saeculorum
1322 3880 1510 3954 XVII
1573 3885 1646 3957 et
1711 3878 1930 3956 XVIII
1997 3879 2357 3969 tractabit,
2429 3878 2678 3954 diebus
2742 3886 2814 3953 et
2879 3877 3063 3952 horis
3113 3875 3545 3953 auditoribus

518 3997 918 4074 commodis.

625 4344 1050 4438 Bibliotheca
1093 4361 1495 4435 Academica
1566 4359 1796 4435 diebus
1840 4359 2128 4447 Lunae,
2184 4359 2445 4434 Martie
2460 4415 2482 4445 ,
2532 4358 2914 4445 Mercurii,
2964 4356 3199 4444 Iovis,
3266 4355 3554 4428 Venerio

514 4489 584 4554 et
646 4483 970 4572 Saturni,
1035 4481 1122 4555 ab
1189 4481 1357 4555 hora
1423 4479 1554 4553 XI
1597 4481 1697 4553 ad
1750 4479 1900 4569 IV,
1936 4480 2286 4575 seriarum
2338 4485 2562 4553 autem
2632 4483 2924 4574 tempore
2985 4475 3225 4549 iisdem
3277 4473 3511 4547 diebus
3528 4529 3550 4561 ,

517 4600 603 4674 ab
652 4602 820 4674 bora
868 4603 931 4674 Ι
963 4603 1062 4676 ad
1098 4601 1270 4689 III,
1321 4601 1674 4700 unicuique
1699 4599 1993 4697 patebit.
2095 4600 2406 4673 Murcum
2449 4596 2846 4696 zooloqicum
2895 4602 2968 4670 et
3012 4593 3546 4693 minemquicnm

507 4721 805 4818 quotidie
835 4721 1131 4818 patebit.

1887 4907 2263 4939 ψ

3070 4953 3217 5031 1⁷·
