4942 6175
1448 646 1579 713 118
2605 641 3344 710 1.A.rnu1N

1539 973 1693 1046 Iam
1755 995 1935 1070 quae
1998 971 2177 1045 lsete
2238 978 2435 1046 erent
2497 967 2810 1044 oratione
2861 975 3266 1070 persecutus
3331 990 3538 1056 sum,
3603 989 3826 1068 esque
3893 965 4125 1044 mults.
4179 966 4486 1046 fuoeunt.

1442 1089 1937 1168 Verumtamen
1990 1113 2137 1165 sore
2182 1097 2417 1166 nostre
2465 1089 2774 1166 humens
2820 1097 2968 1178 est,
3033 1112 3264 1188 neque
3311 1088 3528 1188 igitur
3571 1087 3724 1164 fieri
3775 1087 4006 1188 potuit
4051 1087 4220 1186 quin
4263 1087 4496 1168 tmu-

1442 1212 1847 1286 eeciderent.
1950 1211 2044 1285 Et
2108 1217 2271 1285 sunt
2328 1209 2500 1284 mihi
2561 1219 2706 1286 tem
2771 1209 2996 1284 tristis
3043 1209 3680 1296 commemorande,
3749 1215 3830 1284 ut
3875 1231 4112 1284 eorum
4159 1207 4494 1308 cegitatio

1440 1331 1749 1406 animum
1801 1329 2243 1406 vehementer
2288 1339 2736 1406 commoveat.
4596 1407 4604 1414 ,

1536 1449 1731 1529 Quid
1784 1449 1943 1524 'ribi
1993 1449 2217 1526 dicem
2239 1508 2261 1538 ,
2328 1449 2435 1524 Cl.
2475 1448 2648 1525 Brill
2665 1508 2686 1539 ,
2737 1449 2860 1548 qui
2896 1449 3370 1524 amentissime
3415 1455 3484 1522 et
3533 1446 4121 1548 praestantissime
4165 1448 4478 1548 Coniuge

1436 1570 1721 1646 orbatus
1788 1571 1913 1644 es?
1998 1567 2471 1670 Cognovimus
2517 1593 2646 1644 nos
2689 1595 2884 1659 eam3
2933 1569 3194 1668 quibus
3229 1565 3604 1644 virtutibus
3639 1567 3954 1667 praedite
4003 1575 4186 1642 esset
4209 1625 4230 1656 ,
4277 1567 4476 1646 intel-

1440 1689 1774 1778 leximus3
1846 1697 2107 1788 quante
2168 1689 2279 1764 Tu
2340 1689 2688 1766 felicitatis
2731 1690 2923 1766 Tune
2971 1697 3165 1790 perte
3207 1699 3280 1766 et
3322 1712 3480 1765 vero
3517 1697 3781 1788 quante
3829 1687 3966 1764 Tui
4009 1695 4206 1788 pute
4247 1711 4484 1766 cume

1436 1810 1798 1884 sentimus.
1898 1808 2039 1884 Sed
2102 1809 2249 1898 Tu,
2322 1807 2448 1882 Vir
2499 1809 2982 1900 Amici-sime,
3045 1833 3202 1888 eam
3247 1833 3460 1908 quem
3511 1807 3719 1909 luges
3755 1833 3898 1886 non
3951 1817 4160 1908 putes
4211 1806 4479 1886 nullam

1431 1939 1555 2004 sut
1590 1951 1935 2027 nusquam
1980 1953 2151 2004 esse.
2252 1929 2449 2004 Haec
2497 1930 2597 2005 'I‘e
2639 1931 2964 2030 cogit-tio
3011 1937 3084 2006 et
3127 1929 3502 2006 liberorum
3541 1929 3854 2006 Tuornm
3899 1951 4094 2004 emor
4135 1935 4474 2006 sustentet

1428 2057 1499 2124 et
1546 2049 1971 2124 consoletur!

1526 2288 1755 2362 Tuum
1834 2289 2178 2380 dolorem,
2258 2291 2365 2366 Cl.
2444 2291 2746 2380 Vreede,
2815 2287 3248 2366 meando
3315 2309 3642 2364 movere
3711 2285 3967 2373 nolim,
4041 2285 4168 2362 sed
4225 2283 4467 2374 talem.

1428 2407 1617 2506 quali
1672 2407 1783 2482 Tu
1824 2409 2109 2484 orbatus
2154 2434 2263 2500 es,
2316 2411 2538 2487 filium
2591 2412 2790 2486 silae
2833 2410 3128 2510 impium
3167 2408 3364 2484 foret.
3461 2405 3716 2483 Aur-eis
3759 2405 3876 2480 ille
3911 2403 4230 2482 mon'hm
4259 2427 4465 2503 quem

1426 2551 1626 2603 cerus
1688 2528 2257 2626 Praeceptoribns
2318 2530 2528 2606 fuerit
2582 2539 2652 2604 et
2709 2528 3353 2618 Commilitonibus,
3419 2549 3724 2602 moerore
3780 2523 4041 2600 funeris
4089 2523 4458 2598 indicatum

1426 2657 1553 2722 est.
1656 2647 1917 2721 Verum
1964 2648 2109 2736 Tu,
2159 2648 2285 2723 Vir
2331 2651 2620 2749 Optime
2639 2707 2658 2738 ,
2721 2673 2848 2724 neo
2895 2649 3112 2724 dolori
3163 2671 3292 2724 nec
3339 2647 3554 2724 enimi
3609 2643 4110 2744 perturbationi
4155 2665 4460 2720 succum·

1424 2765 1587 2840 bere
1633 2765 1829 2840 soles.
1932 2767 2269 2842 Praecleri
2314 2769 2586 2843 iuvenis
2620 2769 2711 2844 sd
2751 2769 3104 2844 tumulum
3151 2791 3372 2868 quum
3417 2775 3766 2842 staremus
3797 2763 4030 2842 afflicti
4053 2822 4080 2852 ‚
4123 2770 4279 2840 tum
4317 2763 4465 2838 'I'ue

1422 2906 1549 2958 nos
1592 2907 1719 2957 vox
1770 2885 1987 2960 erexit
2032 2893 2103 2959 et
2153 2887 2584 2962 confirmavit
2602 2944 2622 2975 ‚
2689 2887 2806 2987 pie
2849 2895 3084 2963 mente
3123 2885 3606 2964 exclamantis:
3657 2885 3850 2962 Deus
3897 2883 4224 2972 dederet,
4273 2883 4457 2958 Deus

1420 3002 1749 3094 abstulit,
1820 3005 1955 3080 Dei
2030 3005 2295 3082 nomini
2362 3017 2598 3108 grates
2659 3015 2976 3109 agantur.
3099 3009 3192 3084 Et
3259 3007 3692 3084 discedentes
3759 3029 3891 3082 nos
3955 3003 4129 3082 illud
4197 3001 4458 3082 tumulo

1418 3123 1722 3225 elogium
1770 3126 2007 3203 deberi
2052 3128 2636 3205 existimavimusz
2711 3131 2944 3209 Quem
2999 3130 3194 3205 Deus
3239 3128 3468 3229 diligit
3513 3128 3910 3205 adolescens
3957 3124 4258 3203 moritur.

1515 3363 1678 3439 Non
1738 3388 1959 3456 unus,
2026 3366 2207 3443 eheu
2226 3426 2246 3456 ,
2310 3377 2590 3469 ereptus
2653 3378 2760 3443 est
2825 3366 3078 3457 Vobis,
3141 3367 3388 3467 optimi
3447 3368 4010 3456 Commilitones,
4073 3362 4457 3466 praeclarus

1418 3482 1901 3561 Ferdinendus
1951 3484 2257 3562 Vreede!
2330 3487 2539 3563 Diem
2592 3512 2994 3589 supremum
3039 3487 3364 3565 obierunt
3407 3488 3620 3565 etiem
3669 3491 3886 3567 Ianus
3921 3512 4054 3563 ven
4089 3486 4449 3587 Bruggem

1418 3602 1653 3681 Theol.
1686 3604 1910 3681 Cend.
1938 3613 2009 3681 et
2060 3607 2351 3683 Carolus
2384 3594 2734 3683 Iohannes
2781 3607 3070 3683 Schorer
3087 3665 3108 3696 ,
3159 3606 3344 3683 Iuris
3383 3606 3775 3683 Studiosus.
3847 3606 4162 3705 Uterque
4195 3601 4452 3681 adoles-

1415 3746 1579 3797 cens
1620 3726 1925 3825 optimse
1992 3728 2141 3827 spei
2163 3785 2184 3817 ,
2252 3734 2546 3827 uterque
2615 3726 2864 3803 merito
2909 3726 3304 3805 carissimus
3353 3726 3760 3826 perentibus
3778 3785 3800 3815 ,
3863 3723 4453 3825 praeceptoribus.

1414 3842 1691 3933 amieis,
1752 3845 2005 3922 flebilis
2068 3846 2265 3925 obiit.
2368 3849 2866 3925 Sustententur
2909 3848 3156 3923 flentes
3209 3870 3254 3923 s
3301 3846 3488 3935 Deo,
3537 3854 3610 3922 et
3655 3844 3840 3935 Vos,
3889 3844 4449 3931 commilitum.

1415 3969 1487 4035 et
1560 3986 1689 4037 nos
1755 3988 2033 4055 omnes,
2106 3967 2590 4045 defunctorum
2657 3970 2878 4045 simus
2951 3990 3320 4057 memores,
3387 3975 3461 4042 et
3543 3966 3724 4045 boin
3787 3988 3968 4065 quse
4027 3962 4452 4063 reliquerunt

1413 4081 1731 4181 exempla
1793 4082 1865 4157 in
1913 4084 2281 4161 utilitatem
2332 4096 2636 4164 nostram
2686 4094 3182 4164 convertemus.

1506 4200 1625 4277 Ad
1696 4201 1977 4302 publice
2042 4204 2364 4280 redeunti
2436 4231 2678 4282 rursus
2751 4207 2926 4281 mihi
2995 4207 3172 4283 lecte
3237 4204 3838 4285 commemorande
3913 4210 4100 4279 sunt.
4199 4202 4448 4301 Neque

1407 4321 1591 4396 enim
1644 4321 1841 4398 facile
1890 4325 2261 4425 quisquam
2312 4326 2626 4403 omnium
2649 4384 2670 4416 ,
2715 4326 2840 4426 qui
2873 4326 3116 4401 litteris
3149 4324 3669 4426 disciplinisque
3701 4324 4012 4411 faveant,
4065 4326 4140 4397 et
4181 4320 4442 4397 meritis

1408 4439 1735 4518 honorem
1792 4443 2031 4520 deberi
2078 4446 2510 4538 existiment,
2561 4472 2702 4523 non
2755 4470 3014 4549 megno
3061 4446 3319 4547 gaudio
3365 4454 3438 4525 et
3487 4444 3833 4545 applausu
3875 4442 4177 4519 Senatus
4227 4438 4446 4519 nostri

1407 4558 1682 4637 dem-ets
1750 4566 2105 4664 cognovit,
2177 4566 2437 4665 quibus
2489 4568 2768 4645 honoris
2811 4590 3028 4675 ceusu¹
3071 4566 3480 4666 chirurgiae
3527 4565 3790 4643 Doctor
3833 4570 4106 4641 creatus
4155 4568 4264 4639 est
4317 4560 4440 4635 Vir

1404 4679 2037 4777 experientissimus
2106 4688 2457 4763 Antonius
2525 4688 2888 4763 Cornelius
2949 4710 3082 4763 ven
3133 4684 3478 4761 Woerden
3499 4744 3520 4776 ,
3575 4692 3648 4761 et
3697 4682 3954 4759 summi
4003 4682 4078 4757 in
4129 4680 4440 4759 Philoso-

1402 4796 1569 4898 phia
1630 4800 2029 4880 Theoretice
2077 4813 2149 4882 et
2194 4807 2269 4881 H
2275 4807 2752 4884 umenioribus
2799 4806 3082 4883 Litteris
3131 4805 3420 4881 honores
3458 4804 3690 4882 collati
3733 4811 3899 4879 sunt
3952 4802 4027 4877 in
4071 4800 4439 4877 Nicolaum
