4942 6175
1873 737 2555 807 ORAT10.·
3548 741 3682 811 317

641 976 684 1025 a
715 948 1096 1049 praesentis
1135 944 1466 1045 temporis
1507 943 1890 1019 rationibus
1937 952 2280 1021 remotum
2329 946 2609 1045 quidem
2650 954 2723 1021 et
2766 956 3191 1047 separatum,
3240 948 3367 1022 sed
3394 948 3677 1023 minime

641 1069 948 1145 alienum
1005 1076 1134 1141 est.
1235 1064 1394 1139 Hac
1463 1072 1698 1137 nostra
1753 1064 1962 1138 etiam
2035 1074 2261 1140 aetate
2331 1066 2483 1141 dira
2526 1065 2875 1143 barbaries
2932 1092 3007 1143 se
3046 1067 3293 1157 infert,
3367 1056 3683 1143 simulat-

644 1212 783 1287 que
835 1182 1271 1284 antiquitatis
1307 1182 1670 1282 ingenium
1721 1183 2188 1258 contemnitur
2227 1194 2298 1259 et
2339 1184 2739 1283 despicitur.

741 1306 878 1380 vix
927 1304 1392 1403 suspicamur,
1445 1311 1524 1376 ut
1565 1302 1928 1377 verborum
1961 1304 2523 1401 compositiones,
2574 1304 2835 1403 quibus
2874 1304 2943 1379 in
2974 1304 3343 1406 cogitando
3380 1306 3682 1381 scriben-

647 1427 876 1525 doque
922 1424 1220 1511 utimur,
1274 1432 1355 1495 ut
1394 1422 1774 1496 sententiae
1819 1431 1890 1496 et
1913 1422 2170 1497 formae
2199 1424 2566 1512 orationis,
2618 1434 2699 1497 ut
2722 1425 2911 1524 leges
2938 1427 3373 1514 serationes,
3422 1424 3682 1524 quibus

645 1546 898 1621 mentis
957 1545 1301 1618 humanae
1346 1565 1554 1640 opera
1598 1541 2085 1629 aestimamus,
2143 1552 2222 1617 ut
2257 1543 2517 1618 formae
2558 1543 3025 1620 aedificiorum
3070 1553 3142 1619 et
3196 1568 3509 1621 vasorum
3528 1603 3549 1633 ,
3600 1552 3681 1618 ut

643 1666 786 1740 fere
847 1687 1090 1738 omnes
1156 1672 1336 1735 artes
1397 1670 1470 1733 et
1529 1660 1814 1735 artificia
1873 1661 2220 1759 pendeant
2267 1686 2352 1735 ex
2395 1662 2831 1760 antiquitatis
2874 1664 3105 1739 indole
3151 1674 3225 1738 et
3274 1664 3555 1764 ingenio
3590 1665 3677 1756 ¹).

647 1784 894 1863 Quid?
961 1781 1151 1880 quod
1207 1780 1280 1853 in
1335 1778 1663 1854 omnibus
1709 1780 1850 1855 fere
1894 1780 2296 1879 disciplinae
2335 1781 2709 1881 generibus
2751 1782 2875 1855 viri
2916 1782 3105 1857 docti
3147 1784 3419 1882 propria
3460 1783 3682 1859 inves-

646 1902 978 2003 tigatione
1039 1900 1131 1976 ad
1197 1900 1682 1997 antiquitatem
1741 1901 2170 1989 referuntur,
2233 1902 2493 2001 quippe
2551 1902 2623 1975 in
2671 1926 2812 2000 qua
2856 1902 3082 1977 omnis
3131 1902 3485 1977 doctrinae
3530 1902 3685 1977 fons

647 2031 720 2099 et
761 2020 1174 2121 principium
1223 2018 1682 2093 inveniantur.

747 2140 1254 2239 Antiquitatem
1316 2150 1548 2213 autem
1616 2164 1836 2237 quum
1909 2140 2228 2228 nomino,
2277 2140 2623 2239 imprimis
2675 2140 3003 2216 nimirum
3050 2142 3351 2215 Graecos
3392 2140 3687 2241 intelligi

648 2262 819 2337 volo.
921 2258 1224 2334 Romani
1297 2258 1526 2345 enim,
1577 2269 1825 2333 natura
1868 2284 2100 2333 severa
2153 2268 2224 2333 et
2277 2284 2518 2358 aspera
2571 2260 2904 2358 praediti,
2954 2260 3189 2336 omnia
3224 2259 3507 2335 consilia
3548 2260 3685 2335 fac-

648 2389 857 2481 taque
919 2404 1044 2455 sua
1088 2378 1178 2453 ad
1238 2378 1414 2453 vitae
1467 2377 1836 2452 utilitatem
1889 2378 2186 2477 dirigere
2243 2379 2591 2454 solebaut=

1357 2498 1632 2579 ,Romae
1673 2498 1848 2565 dulce
1889 2498 2004 2565 diu
2041 2498 2170 2567 fuit
2211 2506 2275 2565 et
2319 2499 2589 2567 solemne
2630 2500 2861 2567 reclusa

1360 2600 1546 2667 Mane
1591 2601 1773 2667 domo
1818 2602 2108 2689 vigilare,
2153 2602 2362 2669 clienti
2405 2624 2678 2691 promere
2722 2602 2890 2685 iura,

1355 2703 1584 2771 Cautes
1625 2704 1979 2771 nominibus
2020 2707 2202 2773 rectis
2246 2707 2579 2794 expendere
2622 2728 2933 2787 nummos,

1354 2807 1620 2874 Maiores
1662 2808 1906 2889 audire,
1953 2810 2174 2877 minori
2219 2809 2455 2890 dicere,
2500 2832 2608 2897 per
2652 2830 2805 2895 quae

1355 2910 1634 2979 Crescere
1677 2936 1774 2979 res
1816 2921 2052 3000 posset,
2101 2913 2299 2979 minui
2342 2914 2631 2979 damnosa
2671 2907 2931 2977 libidc.'’

647 3023 802 3100 Etsi
879 3046 1018 3098 non
1103 3022 1366 3122 ingenii
1447 3020 1856 3098 dexteritate
1938 3022 2295 3111 destituti,
2367 3032 2600 3098 tamen
2682 3021 2756 3095 in
2826 3017 3094 3095 artibus
3168 3024 3242 3092 et
3305 3014 3687 3117 disciplinis

647 3143 790 3217 fere
865 3142 993 3216 toti
1061 3166 1103 3216 a
1151 3141 1432 3215 Graecis
1479 3142 1914 3240 pendebant,
1964 3168 2006 3218 a
2052 3143 2332 3218 Graecis
2387 3173 2424 3212 n
2445 3151 2718 3242 praeter
2762 3139 3039 3214 laudem
3096 3137 3357 3212 nullius
3393 3137 3687 3212 avaris.''

646 3261 1038 3336 Permultas
1094 3260 1378 3359 quidem
1454 3259 1884 3358 disciplinas,
1951 3285 2130 3358 quae
2188 3261 2279 3334 ad
2345 3260 2525 3334 vitae
2579 3259 2967 3334 communis
3037 3282 3239 3332 usum
3304 3257 3686 3356 pertinent,

647 3381 887 3455 multis
955 3378 1268 3477 partibus
1335 3381 1802 3456 excoluerunt.
1905 3381 2191 3459 Quanto
2253 3380 2515 3480 ingenii
2580 3380 2901 3454 acumine
2932 3391 3003 3453 et
3048 3378 3379 3465 sollertia,
3432 3385 3514 3450 ut
3550 3378 3688 3453 hoc

649 3501 870 3576 solum
937 3523 1506 3586 commemorem,
1567 3500 1738 3572 iuris
1801 3500 2113 3574 studium
2183 3500 2273 3574 ad
2317 3511 2534 3574 artem
2578 3509 2649 3572 et
2694 3499 2785 3574 ad
2832 3507 3197 3598 praecepta
3244 3499 3683 3571 revocarunt!

649 3620 789 3694 Sed
881 3618 1100 3718 magis
1199 3643 1406 3715 quam
1507 3619 1769 3717 ingenii
1863 3619 2254 3707 excolendi,
2359 3619 2695 3693 bellorum
2794 3618 3202 3716 imperiique
3292 3615 3685 3718 proferendi

647 3738 972 3837 cupidine
1028 3738 1460 3813 tenebantur.
1559 3739 1854 3813 Romani
1901 3739 2029 3814 hoc
2068 3740 2201 3814 sibi
2243 3747 2786 3838 proposuerunt,
2839 3749 2916 3811 ut
2959 3760 3299 3812 armorum
3350 3735 3417 3808 vi
3456 3745 3686 3810 totum

647 3855 886 3931 orbem
955 3869 1289 3930 terrarum
1352 3854 1485 3929 sub
1542 3855 1730 3954 leges
1789 3857 2144 3930 mitterent
2211 3868 2279 3930 et
2351 3855 2767 3931 suffecerunt
2822 3857 2982 3932 huic
3036 3857 3245 3956 operi.
3346 3857 3680 3930 Attamen

651 3977 791 4051 veri
839 3984 912 4050 et
957 3975 1271 4075 germani
1333 3985 1552 4051 terrae
1621 3989 2128 4074 expugnatores
2184 3999 2320 4050 non
2385 3975 2720 4062 Romani,
2782 3976 2903 4050 sed
2970 3975 3218 4050 Graeci
3269 3974 3433 4049 facti
3478 3987 3678 4049 sunt·

649 4095 911 4195 ingenii
959 4095 1142 4168 euim
1193 4093 1456 4168 viribus
1495 4094 1646 4169 eius
1687 4095 2058 4193 imperium
2109 4103 2551 4192 occuparunt.

745 4214 1025 4289 Etenim
1083 4214 1310 4288 omnis
1351 4214 1581 4288 cultus
1635 4225 1846 4312 atque
1894 4215 2290 4288 humanitas
2341 4238 2383 4288 a
2431 4213 2714 4287 Graecis
2762 4211 3064 4310 profecta
3109 4221 3293 4288 sunt.
3393 4186 3684 4286 Graecia

650 4331 1063 4431 procreatrix
1130 4341 1201 4406 et
1257 4332 1456 4430 quasi
1506 4341 1723 4405 mater
1768 4331 1903 4406 fuit
1955 4333 2180 4406 omnis
2231 4332 2672 4430 disciplinae,
2717 4331 2945 4407 omnis
2997 4332 3201 4418 artis,
3249 4329 3475 4405 omnis
3526 4329 3679 4429 phi-

649 4447 1036 4549 losophiae,
1119 4451 1344 4556 omnis
1421 4451 1854 4549 eloquentiae
1875 4510 1896 4540 ,
1989 4451 2215 4528 omnis
2307 4475 2503 4525 verae
2570 4451 3013 4538 eruditionis,
3088 4451 3313 4524 omnis
3380 4448 3684 4546 denique

649 4569 912 4669 ingenii
973 4571 1322 4669 animique
1393 4570 1646 4644 cultus.
1743 4571 2034 4645 Graecia
2095 4571 2332 4670 gen'eri
2396 4571 2700 4644 humano
2769 4571 3003 4645 omnia
3051 4568 3367 4656 tradidit,
3428 4567 3686 4666 quibus

651 4687 913 4788 ingenii
967 4690 1319 4787 animique
1380 4689 1575 4764 dotes
1618 4689 2025 4763 excoluntur
2063 4702 2134 4764 et
2177 4689 2638 4788 expoliuntur.
2750 4690 3038 4764 Graecia
3084 4688 3387 4786 denique
3436 4685 3687 4762 mentis

653 4850 850 4858 ——-——-——

723 4909 770 4981 ι)
823 4909 908 4967 Of.
945 4908 1193 4976 Curtius,
1229 4907 1518 4982 eettingox
1547 4907 1840 4968 resti-eden
1874 4929 1926 4984 p.
1963 4913 2038 4968 84
2071 4929 2186 4984 sqq.
