4942 6175
1326 661 1459 730 220
2321 664 2766 734 lumen
2834 661 3371 730 ORDINUH.

1426 869 1666 946 Huius
1734 869 2224 972 disputationis
2289 880 2531 950 auctor
2585 871 2905 974 probavit
2973 869 3342 970 diligenter
3403 891 3478 944 se
3535 867 3828 946 Iliadem
3875 873 3948 944 et
3992 868 4380 968 Odysseam

1330 989 1675 1066 lectitasse
1691 1048 1714 1081 ,
1786 991 2167 1092 seduloque
2233 992 2592 1094 collegisse
2659 1014 3121 1094 quaecunque
3183 989 3272 1064 ad
3347 988 3770 1090 propositam
3829 987 4385 1089 disquisitionem

1334 1110 1717 1187 conducere
1784 1118 2089 1210 possent.
2192 1112 2331 1188 Sed
2385 1113 2558 1188 dum
2609 1113 2684 1188 in
2737 1112 2984 1213 prioris
3029 1111 3246 1212 partis
3294 1109 3517 1210 capite
3563 1107 3790 1211 primo
3835 1108 3926 1184 de
3973 1106 4390 1184 animalibus

1336 1229 1545 1306 etiam
1608 1237 1679 1304 et
1744 1231 2041 1307 metallis
2103 1257 2319 1332 agens
2367 1231 2570 1333 plura
2611 1232 3094 1334 complectitur
3141 1255 3355 1331 quam
3399 1228 3914 1330 postulabatur,
3964 1253 4005 1304 e
4051 1227 4390 1304 contrario

1334 1349 1691 1426 historiam
1731 1353 2157 1451 quaestionis
2194 1353 2748 1455 recentioresque
2796 1353 3167 1454 scriptores
3213 1375 3434 1453 paene
3483 1373 3726 1426 omnes
3767 1373 3930 1425 cum
3979 1349 4236 1426 damno
4267 1371 4392 1424 suo

1334 1470 1664 1570 neglexit.
1764 1471 1875 1546 De
1926 1473 2139 1548 rebus
2194 1473 2447 1548 divinis
2499 1498 2854 1575 exponens
2903 1497 3042 1549 non
3102 1473 3274 1549 satis
3331 1469 3593 1566 tenuit,
3657 1493 3798 1544 non
3841 1476 3989 1545 tam
4037 1467 4390 1569 agendum

1334 1613 1487 1664 esse
1558 1589 1647 1664 de
1710 1590 2139 1690 mythologie
2198 1591 2560 1668 Homerica
2631 1593 2950 1668 universa
2968 1652 2988 1683 ,
3051 1616 3263 1692 quam
3313 1589 3403 1666 de
3445 1591 3532 1666 iis
3551 1649 3571 1680 ,
3627 1615 3808 1690 quae
3857 1597 3984 1664 aut
4025 1589 4235 1664 Iliadi
4271 1596 4396 1664 aut

1232 1699 1237 1705 ’
1338 1709 1699 1806 Odysseae
1772 1709 2048 1810 propria
2109 1718 2313 1799 sunt,
2388 1735 2530 1810 quo
2587 1713 2671 1787 fit
2735 1721 2818 1786 ut
2879 1711 3108 1812 capita
3167 1709 3587 1787 discriminis
3610 1770 3631 1801 ‚
3697 1709 4014 1810 quamvis
4067 1709 4396 1810 pleraque

1336 1827 1515 1903 bene
1584 1834 1855 1918 notata,
1930 1853 2067 1904 non
2142 1831 2310 1905 satis
2374 1831 2449 1906 in
2511 1833 2748 1908 oculos
2812 1832 3190 1908 incurrant.
3291 1833 3378 1906 In
3447 1831 3566 1907 illa
3609 1840 3804 1931 parte
3824 1890 3847 1921 ,
3912 1854 4094 1931 quae
4145 1837 4254 1906 est
4305 1829 4396 1904 de

1340 1947 1726 2023 elocutione
1746 2006 1767 2036 ,
1822 1973 1985 2024 cum
2036 1950 2421 2050 pulvisculo
2469 1953 2828 2028 materiem
2881 1953 3271 2054 congessit,
3339 1951 3462 2027 sed
3517 1951 3804 2026 omnino
3855 1949 3970 2026 hic
4023 1951 4138 2026 vix
4189 1973 4400 2050 supra

1341 2068 1798 2144 fundamenta
1858 2069 2053 2144 labor
2120 2071 2437 2148 surrexit.
2539 2073 2866 2173 Denique
2932 2073 3054 2147 ubi
3119 2081 3358 2149 auctor
3403 2073 3491 2146 de
3535 2072 3763 2147 causis
3811 2071 4230 2148 discriminis
4279 2095 4397 2144 ex·

1342 2188 1579 2288 ponit,
1627 2211 1767 2264 non
1824 2189 1935 2264 via
1976 2198 2050 2264 et
2093 2191 2357 2266 ratione
2408 2202 2942 2292 argumentatur
2962 2252 2985 2283 ,
3031 2193 3160 2268 sed
3215 2193 3514 2268 fidenter
3561 2193 4026 2268 coniecturam
4077 2189 4399 2292 proponit

1340 2333 1589 2408 parum
1634 2310 2277 2386 commendabilem.
2346 2310 2820 2388 Veruntamen
2870 2319 2984 2406 (ut
3026 2313 3100 2388 iu
3147 2339 3222 2389 re
3265 2312 3511 2407 dubia)
3557 2312 3688 2388 hoc
3734 2319 4166 2412 postremum
4206 2310 4400 2386 Ordo

1340 2451 1481 2503 non
1526 2427 1737 2504 nimis
1778 2453 1983 2530 aegre
2019 2431 2151 2506 fert
2169 2490 2190 2521 ,
2242 2432 2371 2508 hoc
2410 2432 2634 2524 dolet,
2671 2434 2861 2533 quod
2903 2434 3193 2534 scriptor
3211 2493 3232 2524 ‚
3281 2458 3500 2534 quum
3545 2431 3992 2509 multifariam
4033 2432 4402 2509 subactum

1342 2549 1663 2649 proderet
1728 2549 2063 2626 iudicium
2084 2611 2105 2642 ‚
2177 2575 2530 2653 sensuque
2584 2553 2893 2654 poeticae
2944 2555 3324 2630 venustatis
3371 2579 3448 2629 se
3495 2578 3636 2661 non
3685 2551 4100 2629 destitutum
4151 2553 4400 2653 proba·

1340 2675 1483 2759 ret,
1556 2668 1976 2745 soloecismis
2042 2695 2219 2770 opus
2290 2697 2496 2748 suum
2567 2674 2669 2749 ita
2738 2673 3169 2773 inquinavit,
3240 2681 3322 2748 ut
3391 2673 3691 2750 subinde
3737 2673 3826 2750 de
3872 2673 4218 2774 sententia
4263 2674 4396 2750 du·

1340 2787 1505 2863 bius
1552 2785 1855 2864 haereas.

1444 2907 1649 2986 Quae
1698 2907 1933 2982 omnia
1968 2932 2189 3009 quum
2238 2897 2577 3011 impedire
2623 2913 3059 3002 viderentur,
3128 2914 3503 3014 quominus
3549 2923 3789 2992 auctor
3833 2938 4042 2991 aureo
4092 2913 4400 3015 praemio

1346 3023 1753 3118 donaretur,
1824 3029 2095 3104 censuit
2152 3037 2387 3107 tamen
2461 3030 2656 3109 Ordo
2710 3043 2991 3135 propter
3041 3043 3432 3112 accuratam
3487 3031 3900 3139 Homericae
3943 3034 4172 3136 poesis
4217 3035 4398 3111 noti-

1344 3146 1513 3221 tiam
1584 3171 2015 3249 magnaeque
2086 3150 2486 3250 diligentiae
2552 3154 2972 3233 documenta
3021 3158 3150 3233 hoc
3198 3174 3606 3258 responsum
3657 3156 4023 3255 honorifica
4071 3159 4402 3233 mentione

1344 3265 1639 3365 dignum
1690 3292 1861 3344 csse.

1445 3387 1822 3464 Auctorem
1872 3414 1945 3465 se
1993 3390 2313 3488 probavit

2207 3532 2663 3591 mammos
2702 3532 3128 3594 conmms
3164 3514 3544 3608 VALETON,

2404 3627 2533 3686 W.
2567 3628 2625 3684 in
2659 3628 2825 3687 Acad.
2867 3632 3022 3690 Gron.
3056 3631 3341 3689 Studiom.

2214 4100 2481 4175 ORDE
2531 4104 2745 4178 lURI
2755 4104 3542 4183 SCONSULTORUM

1356 4340 1447 4415 ad
1513 4335 2026 4437 quaestionem:
2108 4338 2614 4437 ''Exponantur
2684 4344 3122 4442 quaestiones
3183 4348 3369 4423 Iuris
3389 4407 3410 4439 ,
3473 4348 3735 4445 quibus
3781 4374 4020 4427 ansam
4069 4350 4190 4427 dat
4243 4348 4415 4425 tele-

1358 4457 1687 4559 graphiae
1732 4482 1904 4533 usus
1922 4457 1993 4547 ,²⁹
2043 4458 2219 4534 duas
2268 4463 2536 4562 accepit
2583 4466 3240 4558 commentationes,
3291 4492 3588 4568 quarum
3639 4470 3851 4547 altera
3895 4470 4229 4571 insignita
4269 4477 4420 4545 erat

1360 4578 1565 4653 Pauli
1610 4578 1985 4652 sententia:
2064 4580 2266 4656 nNon
2316 4605 2400 4657 ex
2446 4584 2687 4681 regula
2737 4584 2848 4659 ius
2895 4595 3250 4677 sumatur,
3302 4587 3425 4664 sed
3466 4614 3552 4664 ex
3593 4588 3742 4665 iure
3775 4590 3986 4690 squod
4029 4599 4136 4667 est
4171 4590 4420 4690 regula

1360 4698 1573 4786 fiat,''
1624 4697 1838 4772 altera
1880 4698 1990 4771 his
2033 4699 2261 4775 verbis
2310 4700 2692 4778 Clarissimi
2738 4730 2863 4779 van
2920 4706 3044 4781 der
3090 4708 3324 4785 Palm:
3407 4708 3602 4785 uHet
3641 4710 3865 4810 gemis
3909 4710 4032 4787 des
4079 4712 4414 4787 laauwers

1360 4816 1423 4891 is
1474 4814 1745 4889 minder
1790 4817 2152 4915 grievend‚
2204 4822 2339 4896 dan
2392 4820 2512 4897 het
2561 4825 2822 4924 verwijt
2870 4850 3000 4902 van
3051 4826 3262 4903 dezen
3315 4828 3462 4905 niet
3509 4828 3809 4929 begeerd
3857 4836 3928 4905 te
3955 4829 4328 4905 ·hcbben.”
