4942 6175
897 583 957 621 s,

1717 693 2274 761 ORATIO.
3444 695 3529 765 25

465 900 850 977 litterarum
891 902 1216 977 iuventus
1259 902 1448 978 illam
1498 902 1920 977 alacritatem
1965 900 2420 1000 studiumque
2461 908 2532 976 et
2567 902 2881 978 ardorem
2903 961 2923 992 ,
2980 928 3123 1002 quo
3168 912 3239 978 te
3280 902 3516 979 statim

466 1022 724 1121 recepit
783 1031 856 1098 et
921 1022 1292 1099 declaravit
1353 1022 1625 1097 dudum
1687 1021 2076 1099 desiderata
2139 1045 2291 1096 esse
2354 1045 2534 1119 quae
2590 1030 2731 1097 tam
2785 1021 3105 1098 lubenter
3146 1031 3219 1099 et
3262 1022 3521 1121 cupide

463 1142 996 1241 accipiebantur.
2175 1202 2189 1215 .
2750 1223 2754 1227 .

569 1261 886 1337 Debetur
946 1262 1160 1337 huius
1225 1258 1525 1335 laetitiae
1590 1284 1748 1358 pars
1798 1259 1992 1333 vobis
2037 1259 2145 1333 cll.
2195 1260 2505 1357 Rutgers
2552 1264 2623 1332 et
2674 1259 2867 1357 Dozy
2884 1317 2905 1348 ‚
2971 1259 3095 1358 qui
3141 1259 3519 1359 Iuynbollii

473 1380 784 1455 defuncti
824 1382 1043 1458 vicem
1096 1380 1398 1480 benigne
1444 1380 1832 1478 supplendo
1850 1436 1870 1467 ,
1926 1378 2186 1453 fecistis
2207 1436 2228 1467 ,
2291 1384 2370 1451 ut
2411 1399 2628 1451 novae
2676 1376 3045 1453 cathedrae
3092 1379 3511 1454 constituen-

469 1500 600 1575 dae
663 1500 852 1576 locus
923 1508 1128 1575 esset.
1229 1499 1306 1573 Si
1370 1524 1619 1575 novam
1689 1499 2084 1575 cathedram
2153 1497 2585 1597 appellamus
2646 1504 2877 1572 tamen
2934 1498 3148 1597 probe
3196 1498 3515 1575 memini·

469 1642 663 1709 mus,
711 1621 796 1695 cl.
845 1620 1192 1721 Rutgers,
1242 1642 1384 1694 non
1427 1642 1604 1694 nova
1647 1627 1718 1695 et
1756 1628 1919 1694 ante
1958 1619 2148 1693 hunc
2197 1617 2385 1691 diem
2431 1616 2747 1693 inaudita
2796 1642 2879 1693 ex
2928 1642 3015 1694 ea
3056 1618 3307 1693 doceri.
3406 1618 3519 1695 'Pu

466 1738 652 1815 enim
718 1764 842 1840 per
909 1740 1168 1815 multos
1232 1764 1452 1815 annos
1507 1740 1853 1839 optimum
1924 1762 2274 1839 quemque
2333 1738 2650 1838 linguam
2709 1736 3129 1813 Sanscritam
3181 1737 3516 1828 docuisti,

469 1860 592 1933 sed
645 1858 794 1933 sine
840 1883 1132 1957 pompa,
1183 1859 1332 1933 sine
1375 1858 1668 1956 strepitu
1689 1910 1712 1949 ,
1755 1856 1830 1931 in
1879 1856 2128 1933 umbra
2181 1866 2252 1931 et
2301 1857 2483 1946 otio,
2536 1864 2615 1931 ut
2660 1856 2763 1931 illi
2802 1858 2931 1931 soli
2980 1857 3313 1933 sentirent
3364 1857 3517 1956 qui-

469 1979 606 2053 bus
654 1977 1109 2054 benefaceres.
1213 1978 1324 2052 'ru
1373 2001 1514 2076 qua
1555 2002 1706 2053 eras
1755 1976 2094 2053 modestia
2141 1975 2483 2053 benefacti
2524 1976 2733 2053 tacita
2772 1977 3193 2053 conscientia
3234 1984 3517 2053 conten·

470 2106 586 2173 tus
649 2097 864 2175 fuisti.
964 2098 1224 2197 Accipe
1279 2122 1465 2173 nunc
1513 2100 1743 2199 palam
1797 2098 2057 2198 gratias
2103 2122 2280 2197 quas
2323 2096 2454 2171 tibi
2498 2102 2759 2173 veteres
2809 2096 3131 2197 discipuli
3178 2107 3251 2171 et
3298 2120 3521 2173 novus

471 2217 734 2318 collega
782 2218 958 2294 meis
1007 2218 1235 2293 verbis
1283 2225 1526 2318 agunt.

577 2456 748 2531 Tres
791 2480 1214 2531 successores
1256 2457 1705 2533 Halbertsma
1743 2480 1930 2529 unus
1969 2454 2216 2530 habuit
2231 2513 2254 2544 ‚
2301 2456 2553 2531 creatis
2594 2454 2683 2530 cl.
2732 2455 3047 2553 Heynsio
3065 2514 3089 2545 ,
3134 2456 3527 2531 Professore

475 2572 824 2651 ordinario
840 2633 861 2664 ‚
927 2576 1012 2651 cl.
1062 2576 1425 2675 Boogaard
1471 2580 1544 2651 et
1597 2575 1778 2650 doct.
1826 2574 2094 2674 Zaaijer
2135 2582 2329 2649 extra
2371 2574 2711 2651 ordinem.
2810 2574 2942 2649 Est
2984 2573 3291 2675 profecto
3336 2575 3529 2675 quod

474 2718 558 2770 ea
626 2693 716 2769 de
767 2718 976 2769 eausa
1039 2696 1490 2794 gaudeamus.
1595 2694 1814 2770 Dulce
1873 2694 2272 2794 gratulandi
2325 2693 2631 2769 officium
2682 2694 3057 2769 successori
3102 2720 3261 2769 meo
3296 2695 3527 2771 obtin·

474 2820 632 2914 get}
703 2812 828 2887 ubi
879 2797 1180 2913 quisque
1218 2837 1460 2889 eorum
1506 2838 1766 2890 munus
1817 2839 2026 2890 suum
2073 2812 2543 2915 capessiturus
2584 2820 2713 2889 est.
2818 2815 3053 2893 Quem
3108 2838 3333 2890 unum
3378 2838 3531 2916 spe-

477 2957 784 3010 raveram
851 2942 1282 3033 praesentem
1347 2934 1576 3009 videre
1593 2992 1614 3023 ‚
1681 2957 1844 3008 eum
1907 2956 2186 3033 quoque
2249 2934 2448 3033 gravi
2505 2932 2703 3008 luctu
2744 2932 3081 3009 afflictum
3132 2934 3533 3011 desiderant

475 3052 696 3143 oculi,
761 3053 847 3130 cl.
893 3054 1257 3154 Boogaard
1273 3114 1296 3145 ,
1364 3080 1578 3156 quem
1623 3054 1768 3133 iam
1806 3055 2168 3132 biennium
2211 3055 2699 3133 suavissimum
2746 3056 3081 3158 collegam
3134 3053 3535 3132 habuimus.

482 3175 936 3250 Gratulamur
993 3181 1228 3251 tamen
1289 3176 1425 3276 ipsi
1479 3175 1754 3252 absenti
1803 3184 1876 3250 et
1935 3177 2273 3253 laetamur
2325 3176 2520 3278 quod
2574 3201 2797 3277 quum
2846 3177 3075 3252 adhuc
3124 3175 3537 3252 Professoris

481 3294 687 3369 titulo
749 3301 1026 3369 tantum
1089 3294 1464 3372 honoratus
1507 3304 1690 3371 esset
1707 3353 1728 3386 ,
1779 3321 1966 3373 nunc
2011 3322 2438 3398 quamquam
2486 3297 3027 3374 Extraordinarii
3074 3297 3353 3372 nomine
3396 3321 3537 3374 non

480 3415 634 3489 dico
684 3413 950 3516 gaudet
996 3413 1121 3490 sed
1172 3416 1396 3490 utitur
1411 3474 1432 3505 ‚
1497 3422 1730 3492 tamen
1775 3424 1848 3492 et
1891 3417 1967 3492 in
2007 3417 2249 3493 ordine
2299 3417 2738 3494 Medicorum
2794 3425 2868 3494 et
2910 3417 2985 3492 in
3034 3419 3299 3493 Senatu
3344 3418 3537 3496 sede·

479 3533 606 3610 bit.
707 3535 956 3610 Honor
972 3593 994 3625 ,
1062 3559 1206 3635 quo
1262 3543 1550 3612 ornatus
1602 3546 1711 3612 est
1761 3536 2028 3615 meritis
2077 3538 2226 3614 suis
2295 3538 2577 3615 debitus
2597 3597 2621 3628 ,
2688 3537 2762 3614 et
2822 3537 2957 3637 ipsi
3001 3543 3244 3638 gratus
3284 3537 3417 3626 erit
3464 3536 3542 3614 et

479 3655 826 3730 iuventuti
881 3654 1338 3732 Academicae
1381 3681 1568 3756 quae
1615 3657 1815 3732 illum
1861 3657 2188 3758 illiusque
2235 3658 2747 3734 institutionem
2786 3657 2952 3734 facit
2996 3657 3321 3747 maximi,
3370 3657 3537 3758 quia

485 3773 760 3849 sedebit
834 3775 960 3851 ubi
1029 3775 1480 3853 Halbertsma
1531 3785 1768 3854 noster
1814 3778 2138 3867 sedebat,
2189 3778 2304 3855 cui
2350 3778 2503 3878 ipse
2521 3837 2542 3867 ,
2590 3777 2793 3853 cuius
2849 3777 3256 3852 dubitamus
3300 3782 3536 3851 utrum

485 3893 577 3968 sit
619 3892 931 3969 doctrina
973 3895 1194 3970 maior
1241 3922 1330 3973 an
1391 3897 1730 3974 modestia
1749 3957 1770 3988 ‚
1837 3898 1978 3974 vita
2021 3897 2406 3972 luculenter
2461 3895 2914 3972 describenda
2934 3955 2955 3986 ‚
3006 3902 3539 3972 monumentum

487 4038 655 4090 suae
701 4013 986 4115 pietatis
1032 4016 1290 4115 posuit.

591 4487 700 4561 De
755 4487 1172 4564 Academico
1237 4494 1572 4588 apparatu
1630 4495 1702 4563 et
1749 4489 2142 4565 studiorum
2191 4489 2613 4567 adiumentis
2656 4514 2879 4591 pauca
2928 4487 3247 4565 addenda
3297 4511 3538 4590 super·

493 4612 680 4683 sunt.
802 4607 1100 4705 Specula
1166 4608 1646 4685 Astronomica
1664 4667 1685 4699 ,
1763 4631 2192 4709 quamquam
2262 4634 2402 4687 non
2478 4611 2647 4687 satis
2710 4609 2899 4684 laute
2962 4607 3203 4685 dotata
3219 4667 3241 4699 ,
3304 4615 3539 4684 tamen

497 4751 702 4802 usum
767 4727 1129 4829 egregium
1189 4738 1495 4829 praestat
1511 4788 1532 4821 ,
1589 4753 1894 4828 namque
1935 4729 2146 4807 habet
2193 4730 2568 4820 Kaiserum
2612 4737 2685 4806 et
2721 4728 2873 4806 eius
2911 4729 3259 4806 ‚sollertem
3310 4738 3383 4804 et
3434 4729 3539 4804 in·

493 4845 846 4946 geniosam
893 4845 1332 4926 industriam.
