4942 6175
1397 640 1522 703 112
2544 632 3281 699 1.A.FRU1N

1490 966 1696 1038 Ferat
1769 986 1932 1061 ergo
2003 960 2348 1061 legislator
2393 983 2597 1059 opem
2648 957 2813 1056 quia
2864 958 3051 1032 solus
3096 957 3172 1031 id
3221 958 3441 1033 facere
3484 968 3739 1059 potest.
3838 959 3981 1033 Sed
4040 958 4437 1057 quomodo?

1391 1085 1586 1157 Num
1637 1084 1706 1157 in
1761 1104 2176 1180 unoquoque
2221 1078 2479 1153 Codice
2526 1086 2729 1153 antea
2776 1077 3145 1153 definietur
3183 1086 3451 1151 certum
3500 1085 3780 1177 tempus
3828 1101 3969 1176 quo
4017 1076 4269 1154 debeat
4322 1078 4437 1153 ille

1392 1202 1799 1279 retractari?
1863 1224 2034 1275 num
2098 1208 2245 1274 tota
2296 1208 2701 1273 cunctarum
2759 1198 2994 1298 legum
3046 1196 3441 1272 emendatio
3496 1207 3653 1295 post
3700 1196 4041 1296 descripta
4082 1196 4437 1273 intervalla

1390 1321 1834 1422 perficietur?
1921 1321 2037 1395 An
2104 1343 2261 1393 vero
2325 1322 2444 1393 fiet
2509 1317 2899 1391 emendatio
2966 1328 3115 1391 tum
3180 1340 3399 1416 quum
3470 1316 3849 1391 necessaria
3909 1316 4039 1391 erit
4059 1317 4095 1391 Ρ
4176 1316 4435 1392 Verum

1391 1442 1764 1516 necessitas
1783 1498 1802 1529 ,
1850 1439 2228 1515 Auditores
2248 1496 2268 1527 ,
2317 1462 2456 1513 non
2498 1446 2683 1511 certo
2726 1448 2887 1512 ante
2921 1445 3229 1536 tempore
3270 1435 3649 1535 praevideri
3692 1442 3764 1509 et
3790 1436 4161 1535 praescribi
4188 1445 4435 1535 potest.

1306 1652 1317 1661 κ
1385 1560 1667 1635 Iustitia
1741 1568 1818 1633 ut
1880 1560 2170 1658 imperet
2235 1557 2491 1656 populo
2514 1614 2535 1646 ,
2604 1555 2793 1655 leges
2856 1556 3113 1631 debent
3182 1555 3429 1630 servire
3482 1555 3790 1630 moribus
3838 1556 4078 1655 populi
4126 1562 4198 1629 et
4244 1580 4437 1631 verae

1389 1680 1542 1752 eius
1608 1678 1820 1753 saluti
1885 1687 1956 1752 et
2032 1676 2334 1752 utilitati.
2437 1678 2591 1750 Iam
2658 1700 2815 1751 vero
2884 1700 3109 1751 mores
3170 1698 3305 1749 non
3354 1686 3431 1749 ut
3478 1674 3708 1773 sylvae
3754 1674 3934 1749 foliis
3984 1697 4237 1773 pronos
4286 1700 4435 1750 mu-

1391 1810 1632 1873 tantur
1695 1798 1764 1873 in
1841 1822 2058 1872 annos
2079 1856 2099 1886 ,
2169 1798 2289 1872 sed
2357 1804 2719 1871 mutantur
2786 1797 2857 1870 in
2926 1796 3092 1871 dies,
3196 1795 3631 1894 Simulatque
3693 1804 4010 1895 apertum
4062 1806 4173 1871 est
4220 1795 4439 1894 legem

1391 1941 1779 2017 repugnare
1848 1916 2169 2006 utilitati,
2243 1915 2505 1991 malum
2538 1916 2693 1991 iam
2738 1926 2844 1991 est-
2898 1924 3211 1991 exortum
3235 1973 3255 2004 ,
3306 1916 3495 2013 quod
3546 1914 3801 2015 igitur,
3853 1940 3943 1989 ne
3992 1915 4167 1989 vires
4210 1915 4439 2013 scqui-

1297 2064 1300 2069 ·
1392 2048 1502 2112 rat
1537 2038 1768 2112 eundo
1787 2094 1806 2126 ‚
1856 2036 2188 2111 continuo
2230 2046 2302 2111 et
2337 2036 2539 2135 quasi
2578 2035 3009 2111 infanticidio
3052 2036 3389 2135 Spartano
3432 2035 3966 2135 opprimendum
4002 2046 4131 2110 est.
4204 2036 4441 2135 quue

1390 2157 1652 2255 magis,
1725 2157 1930 2255 quia,
2001 2157 2058 2231 si
2119 2156 2400 2255 quando
2457 2156 2580 2231 fiet
2629 2156 3055 2243 emendatio,
3108 2180 3247 2231 non
3302 2180 3385 2230 ea
3429 2154 3669 2254 paucis
3716 2154 3963 2229 diebus
4013 2154 4437 2231 absolvetur:

1391 2264 1533 2374 quo
1595 2275 1746 2349 fieri
1819 2274 2104 2373 poterit,
2178 2280 2260 2346 ut
2325 2273 2421 2346 rei
2486 2272 2763 2347 initium
2836 2270 3095 2346 faciens
3162 2272 3511 2372 legislator
3574 2274 3747 2372 legis
3800 2284 3873 2347 et
3916 2272 4087 2349 iuris
4145 2276 4441 2375 aliquam

1389 2390 1921 2493 'repugnantiam
1977 2392 2212 2481 tollat,
2263 2415 2498 2465 verum
2554 2401 2632 2465 ut
2681 2391 2951 2467 finienti
3000 2394 3135 2467 alia
3185 2393 3645 2491 repugnantia
3700 2394 3791 2468 sit
3840 2395 4259 2495 apparitura.
4334 2398 4445 2471 Ita

1387 2512 1562 2587 foret
1627 2513 1816 2611 quod
1867 2520 2068 2612 poeta
2128 2514 2519 2587 Germanus
2564 2512 2767 2602 dicit,
2820 2512 3051 2587 iurum
3102 2513 3477 2613 legumque
3527 2513 3729 2611 quasi
3772 2514 4189 2614 sempiterni
4230 2516 4447 2591 morbi

1391 2658 1540 2708 esse
1608 2632 2057 2707 hereditatem
2083 2691 2104 2722 ,
2176 2642 2246 2706 et
2312 2656 2697 2731 numquam
2766 2632 3047 2731 aliquod
3116 2633 3228 2708 ius
3278 2634 3569 2707 existere
3625 2634 3815 2732 quod
3864 2634 4228 2711 nobiscum
4282 2636 4449 2735 ipsis

1388 2760 1734 2825 nascatur.
1841 2754 2044 2830 Quae
2111 2776 2334 2849 quum
2402 2752 2503 2826 ita
2570 2752 2710 2826 sint
2731 2809 2753 2839 ,
2823 2762 3157 2851 perpetua
3219 2762 3496 2828 tantum
3560 2753 3863 2852 partium
3931 2755 4323 2832 emendatio
4380 2766 4451 2831 et

1391 2866 1690 2967 expletio
1762 2867 2086 2965 prodesse
2141 2874 2391 2968 potest.
2494 2870 2648 2944 Iam
2722 2869 2991 2945 dudum
3068 2870 3139 2945 in
3214 2871 3365 2949 aliis
3433 2873 3833 2973 regionibus
3892 2874 4061 2949 haec
4108 2874 4452 2951 sententia

1389 2985 1702 3063 invaluit.
1805 2986 2199 3063 Convertite
2268 2987 2507 3062 oculos
2562 2989 2643 3096 ‘in
2706 2990 3069 3064 Franciam
3134 3000 3207 3065 et
3268 2990 3593 3092 Belgium
3614 3050 3637 3083 ,
3700 3004 4103 3096 comparate
4162 2994 4453 3071 Codices

1393 3107 1834 3182 mercator-ios
1871 3107 1970 3182 ibi
2015 3108 2300 3207 scriptos
2345 3109 2543 3183 initio
2584 3134 2743 3185 cum
2783 3112 3301 3210 praesentibus:
3342 3113 3595 3188 mutati
3630 3123 3797 3188 sunt
3838 3115 3976 3204 ita,
4018 3130 4099 3190 ut
4126 3115 4271 3190 fere
4316 3117 4453 3190 sint

1395 3227 1578 3300 novi.
1647 3229 1884 3326 Atque
1926 3228 2192 3302 utinam
2233 3227 2605 3328 aliquando
2650 3230 2722 3304 in
2754 3233 2977 3330 patria
3024 3240 3257 3308 nostra
3302 3232 3565 3308 bonum
3614 3257 3987 3333 sequamur
4013 3234 4447 3334 exempluml

1397 3346 1487 3420 Id
1523 3345 1804 3444 quidem
1853 3372 2097 3446 urgere
2138 3354 2208 3421 et
2250 3347 2563 3448 flagitare
2602 3349 2737 3424 iam
2781 3374 2918 3425 non
2958 3351 3259 3426 officium
3304 3361 3411 3428 est
3453 3354 4093 3430 Iureconsultorum
4140 3355 4262 3430 sed
4300 3379 4450 3430 om·

1401 3467 1599 3542 nium
1646 3467 1930 3542 omnino
1979 3468 2231 3544 civium
2289 3469 2412 3567 qui
2465 3492 2663 3546 suam
2710 3471 2842 3544 sibi
2885 3471 3179 3570 patriam
3224 3497 3428 3550 curae
3470 3499 3621 3550 esse
3672 3484 3985 3574 oportere
4030 3476 4447 3552 existimant.

1499 3587 1593 3660 Et
1642 3587 1817 3685 quid
1865 3581 2146 3664 tandem
2194 3588 2448 3665 civium
2511 3615 2709 3665 voces
2760 3591 3109 3666 efficient?
3200 3594 3307 3669 Ex
3357 3595 3741 3696 praeteritis
3792 3598 3993 3670 annis
4040 3621 4251 3696 parva
4296 3621 4453 3696 spes

1403 3707 1624 3782 futuri
1693 3709 2022 3810 temporis
2088 3709 2327 3786 oritur.
2427 3711 2644 3785 Multi
2708 3710 2993 3788 fuerunt
3058 3713 3265 3813 Regii
3334 3716 3643 3790 Ministri
3665 3774 3686 3805 ,
3750 3717 3963 3816 inque
4006 3716 4097 3792 iis
4142 3717 4455 3792 homines

1409 3825 1663 3901 eximia
1725 3827 1896 3903 iuris
1966 3828 2250 3906 scientia
2311 3831 2704 3930 conspicui,
2769 3831 2893 3931 qui
2942 3856 3077 3908 non
3129 3835 3425 3934 putandi
3476 3847 3641 3910 sunt
3688 3835 4111 3936 ignoravisse
4128 3895 4151 3925 ,
4196 3837 4370 3936 quid
4412 3862 4454 3911 a

1415 3967 1490 4018 se
1557 3954 1836 4044 propter
1906 3948 2128 4046 ipsam
2191 3937 2532 4026 Codicum
2606 3953 3073 4030 conditionem
3138 3955 3621 4056 postularetur.
3742 3957 3899 4032 Imo
3954 3957 4237 4032 fuerunt
4254 4013 4275 4046 ,
4332 3957 4455 4055 qui

1417 4063 1517 4137 ita
1571 4061 1704 4137 sibi
1754 4066 2286 4163 persuaderent,
2351 4079 2572 4146 certas
2620 4073 2853 4172 legum
2906 4083 3137 4174 partes
3186 4076 3655 4152 emendandas
3698 4101 3886 4166 esse,
3952 4085 4035 4152 ut
4076 4077 4269 4176 operi
4314 4100 4454 4151 ma-

1415 4207 1551 4258 nus
1587 4183 2036 4261 admoverint.
2125 4186 2341 4262 Latae
2383 4189 2747 4289 aliquoties
2791 4194 2880 4267 ad
2923 4193 3225 4270 Ordines
3268 4205 3434 4270 sunt
3470 4196 3859 4294 rogationes
3900 4196 3990 4272 de
4034 4195 4455 4294 quibusdam

1415 4304 1584 4378 iuris
1647 4304 1896 4404 privati
1957 4304 2297 4381 institutis
2359 4309 2466 4383 vel
2516 4310 2917 4386 ordinandis
2962 4313 3264 4411 primum
3316 4315 3423 4391 vel
3468 4315 3715 4392 melius
3766 4313 4177 4392 definiendis
4196 4373 4217 4405 ,
4270 4315 4454 4391 velut

1413 4424 1501 4499 de
1549 4426 1800 4501 exteris
1843 4435 2298 4502 mercatorum
2349 4429 2794 4506 societatibus
2809 4489 2830 4521 ,
2883 4433 2971 4506 de
3012 4432 3413 4533 hypothecis
3427 4493 3448 4524 ,
3496 4435 3691 4511 aliae.
3792 4434 3933 4509 Sed
3980 4435 4297 4535 singulae
4333 4441 4455 4510 aut

1415 4569 1551 4618 non
1624 4553 1788 4620 sunt
1849 4547 2150 4646 perlatae
2207 4554 2331 4623 aut
2389 4573 2481 4624 ne
2525 4550 2598 4624 in
2650 4550 3211 4630 deliberationem
3266 4554 3551 4654 quidem
3604 4565 3965 4632 venerunt.
4066 4557 4231 4635 Quo
4277 4553 4455 4630 tristi

1417 4665 1734 4764 exemplo
1801 4665 2107 4740 deterriti
2173 4674 2336 4742 sunt
2391 4668 2733 4761 Ministri,
2808 4671 3153 4774 relanguit
3210 4675 3483 4750 illorum
3536 4673 3921 4765 industria,
3983 4676 4263 4774 iamque
4304 4675 4453 4775 ipsa

1413 4806 1522 4856 res
1573 4781 1843 4857 videtur
1891 4785 2124 4882 quiete
2172 4811 2553 4887 somnoque
2602 4789 2895 4889 sepulta.
