4942 6175
1044 1023 2199 1142 DOOTORES
2337 1025 3160 1144 OREATI

1175 1285 1289 1369 m
1345 1281 1903 1370 AGADEMIA
1960 1281 3050 1386 ΒΗΕΝο-ΤΒΑΙΕΟΤΙΝΑ,
3159 1353 3167 1360 .

590 1547 643 1606 A
681 1545 813 1606 Dm
848 1545 1049 1606 XXVI
1084 1545 1169 1607 M.
1204 1543 1493 1604 MAR'm
1527 1546 1601 1604 A.
1634 1539 2155 1603 elolocchxv
2178 1541 2285 1602 AD
2306 1541 2378 1601 D.
2398 1542 2540 1601 XVI
2563 1541 2644 1604 M.
2667 1543 2955 1604 MARTH
2977 1547 3046 1604 A.
3072 1541 3640 1606 cmmoccbxvl.

1498 2263 1608 2335 IN
1656 2263 2225 2338 FAGUL'PATE
2276 2261 2756 2336 IURIDICA.

600 2499 687 2575 D.
742 2500 835 2573 28
884 2498 1192 2597 Aprillis.
1320 2498 1742 2574 Dmnmous
1811 2523 2224 2575 annuemus
2290 2523 2437 2575 van
2493 2521 2942 2588 uxamam,
3006 2499 3645 2598 Medioburgensis,

890 2617 1211 2717 privatim
1284 2616 1587 2691 defensis
1666 2618 2017 2709 thesibus,
2101 2620 2244 2696 Inr.
2330 2621 2532 2694 Rom.
2610 2628 2682 2693 et
2763 2619 2951 2697 Hod.
3033 2621 3328 2708 Doctor,
3405 2645 3648 2719 mayna

890 2765 1035 2814 cum
1082 2739 1307 2816 laude.

596 2862 687 2936 D.
790 2862 835 2934 3
884 2857 1080 2934 Maii.
1210 2859 1582 2932 Ioannes
1672 2880 1978 2934 neonus
2065 2881 2482 2934 munnae
2557 2878 2876 2944 meaux,
2944 2858 3648 2948 Amstelodamensis,

889 2977 1209 3080 privatim
1253 2976 1555 3052 defensis
1596 2977 1910 3052 thesibus
1931 3036 1952 3066 ,
2004 2979 2146 3054 Iur.
2204 2979 2409 3054 Rom.
2457 2985 2530 3053 et
2575 2977 2764 3052 Hod.
2813 2979 3089 3053 Doctor.

598 3100 689 3175 D.
796 3104 831 3172 1
888 3098 1097 3174 Iunii.
1224 3098 1630 3173 Emuunus
1722 3122 1905 3174 zeno
2000 3123 2411 3175 Lunovlcus
2480 3121 2628 3173 vm
2717 3122 2862 3172 nna
2933 3122 3176 3185 nur,
3249 3073 3649 3172 Mosa-'fra-

892 3218 1188 3294 ieetinus
1207 3277 1228 3307 ,
1279 3216 1557 3318 publice
1596 3217 1879 3292 defenso
1922 3219 2295 3319 specimine
2314 3278 2335 3307 ‚
2386 3220 2502 3294 cui
2547 3219 2829 3293 titulus:
2902 3219 3016 3295 De
3065 3222 3208 3294 leer
3250 3220 3371 3292 der
3417 3244 3652 3317 eoeeep-

892 3341 1032 3413 tie‘n
1051 3396 1072 3425 ,
1122 3338 1393 3437 υοζᾳεηε
1448 3338 1565 3412 bet
1618 3338 2021 3413 Romeimch
2082 3364 2163 3413 en
2224 3340 2764 3440 Hedendaaysch
2829 3338 3014 3439 Reyt
3030 3398 3049 3427 ‚
3122 3340 3262 3413 Iur.
3325 3338 3528 3414 Rom.
3577 3344 3656 3411 et

894 3457 1087 3533 Hod.
1141 3458 1397 3533 Doctor
1416 3516 1435 3545 ,
1486 3484 1729 3557 mayna
1780 3484 1923 3533 cum
1972 3459 2193 3533 laude.
2394 3468 2401 3475 ’

598 3577 685 3651 D.
788 3581 837 3650 9
886 3577 1097 3651 Iunii.
1220 3578 1690 3653 Gmmmmus
1754 3599 2126 3653 ncnmcus
2190 3600 2407 3652 rssm„
2474 3602 2570 3653 nu
2627 3602 3036 3666 sennenn,
3087 3604 3172 3651 ex
3226 3602 3407 3677 pago
3451 3576 3650 3665 Olst,

896 3697 1217 3795 privatim
1288 3696 1573 3771 defenso
1632 3698 2047 3795 specimine,
2118 3698 2231 3771 cui
2300 3697 2587 3773 titulus:
2693 3702 2872 3774 Over
2939 3701 3056 3773 leet
3116 3698 3437 3789 huwehjjk
3495 3699 3658 3771 door

896 3842 1017 3889 een
1069 3816 1605 3914 yevolmaytiyde
1620 3872 1643 3903 ‚
1708 3818 1973 3915 vol-qens
2038 3818 2155 3891 bet
2218 3819 2622 3914 Buryerliy'k
2709 3818 3016 3891 Wetboek
3031 3876 3050 3905 ,
3123 3817 3262 3891 lur.
3323 3816 3526 3891 Rom.
3583 3826 3655 3891 et

896 3934 1082 4008 Hod.
1140 3934 1398 4008 Doctor
1414 3992 1437 4021 ,
1486 3960 1627 4009 cum
1678 3936 1897 4009 laudo.

601 4054 693 4131 D.
746 4057 846 4128 12
896 4053 1107 4129 Iunii.
1228 4055 1545 4130 IAconus
1628 4076 2012 4143 vesunu,
2088 4078 2127 4127 e
2189 4078 2371 4154 pago
2440 4054 2672 4143 Zeist,
2747 4054 3062 4153 privatim
3140 4054 3441 4131 defensis
3504 4056 3652 4131 the-

898 4174 1133 4263 sibus,
1184 4176 1328 4249 Iur.
1383 4175 1588 4249 Rom.
1640 4184 1711 4250 et
1761 4172 1947 4249 Hod.
2003 4174 2279 4249 Doctor.

608 4296 697 4371 D.
752 4297 844 4370 16
894 4295 1102 4371 Iunii.
1228 4295 1546 4369 IAconus
1596 4316 1957 4371 amulcus
2013 4318 2424 4369 mmowcus
2470 4316 2614 4367 vsu
2642 4316 2876 4384 ovim,
2919 4294 3299 4394 Haganus,
3334 4296 3654 4396 privatim

898 4414 1183 4490 defenso
1248 4414 1619 4515 specimine
1642 4474 1665 4504 ,
1734 4414 1849 4489 cui
1914 4414 2203 4489 titulus:
2278 4415 2763 4514 Besebouwinq
2833 4441 3009 4489 naar
3081 4418 3464 4515 aanleidiey
3521 4443 3654 4491 van

901 4539 1055 4611 Art.
1126 4540 1217 4609 91
1240 4592 1263 4623 ,
1323 4536 1553 4609 aliena
1596 4538 1647 4606 4
1704 4559 1836 4607 van
1910 4538 1996 4609 de
2066 4537 2457 4623 Grondwet,
2526 4536 2666 4609 Iur.
2721 4534 2921 4610 Rom.
2981 4544 3052 4607 et
3113 4535 3297 4611 Hod.
3359 4536 3650 4626 Doctor,

610 4773 701 4847 D.
754 4774 851 4846 23
900 4656 1620 4847 {fiziifamllzecmnnus
1692 4793 1840 4845 vm
1896 4793 1991 4845 nn
2038 4794 2296 4861 wznx,
2362 4797 2447 4847 ex
2499 4764 2681 4873 pago
2737 4774 3223 4873 Zevenbergen
3251 4834 3271 4863 ,
3335 4774 3655 4874 privatim

908 4891 1209 4967 defensis
1251 4892 1603 4981 thesibus,
1654 4892 1795 4967 Iur.
1846 4892 2047 4967 Rom.
2102 4901 2173 4966 et
2222 4892 2411 4967 Hod.
2458 4894 2756 4983 Doctor,
2808 4918 2962 4969 cum·
2999 4895 3221 4971 laude.
