4942 6175
1401 693 1490 761 82
2364 686 2755 759 snmus
2816 684 3481 758 Lno'riounn.

1595 900 2224 979 Exercitationibus
2291 898 2554 975 clinicis
2627 898 2700 973 in
2773 898 3187 975 Nosecomio
3252 897 3645 975 academico
3720 894 4058 973 habendis

1695 1020 2006 1109 vacabit,
2059 1019 2376 1119 quotidie
2400 1078 2420 1108 ,
2496 1071 4049 1097 ......................
4130 1018 4297 1093 hora
4342 1018 4441 1093 11.

1592 1140 1898 1239 Collegio
1945 1140 2204 1215 casuali
2223 1198 2242 1228 ,
2293 1136 2606 1239 quotidie
2622 1198 2643 1229 ,
2714 1195 4041 1217 ...................
4276 1137 4437 1214 XII.

1589 1258 2042 1358 operationes
2089 1260 2511 1359 chirurgicas
2543 1260 3079 1349 demonstrabit,
3122 1260 3305 1335 horis
3344 1260 3595 1337 deinde
3630 1258 4044 1336 indicandis.

1589 1380 1992 1455 Doctrinam
2065 1380 2153 1455 de
2224 1380 2483 1456 morbis
2548 1380 2903 1456 oculorum
2954 1388 3293 1481 exponet,
3362 1379 3613 1456 diebus
3668 1380 3923 1456 Martis
3978 1386 4053 1454 et

1690 1500 1982 1574 Veneris
2006 1555 2025 1586 ,
2101 1548 2118 1568 ·
2189 1556 2206 1575 .
2279 1556 4051 1578 .........................
4380 1496 4439 1571 I·

1595 1620 2018 1695 Medicinam
2066 1620 2406 1695 forensem
2433 1680 2454 1709 ,
2528 1620 2777 1695 diebus
2826 1621 3067 1697 Lunae
3116 1628 3189 1695 et
3235 1620 3421 1695 Iovis
3440 1680 3462 1711 ,
3526 1673 4048 1697 ........
4234 1614 4437 1690 VIII.

1403 1760 1474 1814 A.
1517 1752 1587 1813 Ε.
1629 1753 1884 1814 SIMON
1925 1753 2256 1814 THOMAS
2304 1741 2667 1816 Theoi-iam
2716 1740 2881 1817 artis
2931 1741 3365 1816 obstetricias
3408 1750 3708 1841 exponet
3729 1799 3748 1830 ,
3797 1739 4054 1815 diebus

1499 1858 1746 1939 Martis
1767 1922 1786 1952 ,
1838 1864 2022 1938 Iovis
2070 1872 2140 1937 et
2189 1862 2472 1937 Saturni
2495 1916 4044 1950 ......................
4239 1856 4440 1931 VIII.

1587 1982 2212 2057 Exci-citationibus
2279 1976 2589 2070 cimicis,
2643 1982 2715 2055 in
2770 1982 3185 2057 Nosocomio
3230 1979 3622 2056 academico
3672 1977 4013 2054 habendis
4033 2038 4055 2068 ,

1691 2104 1958 2178 vacabit
2006 2102 2316 2202 quotidie
2340 2161 2358 2189 ‚
2435 2154 4055 2179 .......................
4320 2097 4439 2173 lx,

1584 2223 1988 2298 Doctrinam
2029 2222 2539 2321 operationum
2589 2222 2848 2311 tradet,
2898 2231 2969 2297 et
3012 2217 3551 2322 operationibus
3595 2216 4011 2295 obstetriciis
4030 2276 4051 2308 ‚

1688 2354 1842 2418 tum
1895 2344 1964 2417 in
2017 2341 2198 2443 pelvi
2243 2342 2547 2432 facticia,
2612 2350 2765 2419 tum
2820 2343 2893 2417 in
2948 2342 3276 2419 cadavere
3320 2340 3807 2429 instituendis,
3858 2364 4053 2439 prae-

1685 2464 1818 2537 erit
1840 2522 1860 2551 ,
1938 2463 2050 2536 die
2125 2462 2505 2551 Mercurii,
2573 2512 4055 2537 .....................
4381 2455 4438 2532 Ι.

1481 2612 1496 2625 ·
1587 2582 2132 2681 Gynaecologiae
2170 2591 2241 2655 et
2266 2581 3033 2680 Gynaecopathologiae
3056 2581 3303 2656 selecta
3328 2580 3586 2668 tradet,
3625 2579 3737 2655 die
3764 2578 4005 2653 Lunae
4024 2634 4045 2668 ,
4334 2576 4435 2649 II.

1587 2702 1840 2776 Praxin
1907 2700 2374 2775 obstetriciam
2397 2758 2418 2789 ,
2487 2709 2640 2774 tum
2706 2707 2777 2774 in
2838 2700 3251 2776 Nosocomio
3295 2700 3721 2788 academico,
3767 2706 3923 2773 tum
3982 2697 4059 2771 in

1685 2820 2102 2919 Polyclinico
2163 2819 2563 2895 obstetricio
2584 2880 2605 2910 ,
2686 2821 2958 2919 quoties
3009 2840 3286 2895 necesse
3335 2821 3465 2895 erit
3482 2878 3503 2909 ,
3558 2817 4049 2895 moderabitur.

1401 2955 1483 3017 Η.
1523 2950 2094 3025 HALBERTSMA,
2136 2948 2334 3015 IUST.
2381 2940 2511 3015 Fil.
2532 3000 2554 3031 ,
2629 2941 3075 3017 Anatomiam
3137 2940 3505 3041 specialem
3554 2948 3627 3015 et
3678 2938 4067 3039 practicam·

1489 3064 1806 3154 docebit,
1856 3064 2104 3139 diebus
2153 3062 2408 3139 Martis
2457 3070 2530 3136 et
2578 3062 2799 3152 Iovis,
2865 3115 4055 3141 .................
4136 3057 4241 3132 11
4264 3054 4435 3132 etX.

1584 3183 2094 3282 Physiologiam
2112 3241 2132 3270 ,
2205 3180 2703 3280 experimentis
2776 3191 2847 3257 et
2909 3175 3502 3257 observationibus
3554 3178 4055 3279 microscopicis

1684 3302 2096 3376 illustratam
2115 3361 2136 3391 ‚
2187 3301 2347 3376 dieb
2359 3327 2442 3375 us
2496 3294 2741 3376 Lunae
2788 3310 2864 3375 et
2912 3295 3283 3390 Mercurii,
3351 3360 3368 3377 .
3446 3354 4046 3376 .........
4131 3297 4236 3370 IX
4260 3304 4329 3371 et
4354 3296 4433 3372 Χ,

1587 3421 2008 3496 Methodum
2060 3421 2341 3496 secandi
2386 3421 2761 3510 cadavera,
2805 3420 3155 3521 quotidie,
3209 3420 3497 3494 hiberno
3550 3429 3897 3518 tempore,
3950 3476 3968 3494 .
4024 3475 4041 3492 .
4174 3414 4435 3492 I-IV.

1591 3541 1772 3616 Cum
1835 3540 2188 3640 discipulis
2245 3541 2332 3614 de
2379 3541 2756 3616 Anatomia
2802 3549 2873 3615 et
2917 3541 3355 3640 Physiologia
3404 3540 3835 3640 colloquetur
3856 3595 3877 3628 ,
3937 3539 4053 3613 die

1690 3660 1979 3736 Veneris
1997 3719 2017 3749 ,
2095 3717 2114 3736 .
2190 3719 2207 3736 .
2282 3716 4050 3737 .........................
4133 3661 4238 3734 IX
4260 3667 4333 3736 et
4355 3659 4435 3732 X.

1398 3796 1450 3858 Ι.
1492 3795 1558 3856 0.
1600 3795 1672 3854 G.
1715 3785 1966 3853 EVERS
2013 3781 2490 3880 Pathologiam
2556 3779 2871 3870 docebit,
2939 3780 3187 3854 dicbus
3254 3781 3491 3854 Lunae
3546 3788 3621 3857 et
3678 3780 4008 3856 Mercurii
4029 3840 4050 3872 ‚
4354 3779 4393 3852 I
4413 3835 4434 3868 ‚

1791 3913 1862 3976 et
1910 3902 2022 3976 die
2070 3902 2358 3976 Veneris
2383 3959 2402 3989 ,
2477 3960 2493 3976 .
2569 3959 3172 3976 .........
3174 3937 3179 3942 “
3228 3957 4049 3978 ............
4318 3899 4434 3975 XI.

1593 4018 2215 4094 Exercitationibus
2281 4021 2548 4094 clinicis
2570 4079 2589 4110 ,
2669 4019 2741 4095 in
2818 4021 2889 4094 N
2890 4021 3233 4095 osocomio
3303 4020 3637 4097 habendis
3656 4079 3675 4110 ,
3744 4021 4050 4119 praeerit

1700 4139 2010 4239 quotidie
2031 4197 2050 4227 ,
2127 4192 4045 4218 ...........................
4294 4137 4394 4212 XI
4416 4195 4437 4226 ‚

1793 4258 2094 4358 exceptis
2143 4255 2388 4331 diebus
2441 4259 2685 4334 Lunae
2733 4268 2805 4335 et
2853 4260 3220 4348 Mercurii,
3289 4313 4051 4336 ...........
4234 4257 4435 4333 VIII.

1593 4378 2012 4478 Polyclinico
2061 4377 2330 4452 vacabit
2378 4377 2629 4452 diebus
2682 4379 2867 4454 Iovis
2916 4390 2987 4454 et
3036 4379 3359 4467 Saturni,
3430 4437 3448 4455 .
3518 4436 4048 4456 ........
4314 4379 4437 4454 XI.

1595 4500 1786 4573 Artis
1837 4498 2302 4596 diagnosticae
2353 4499 2579 4597 capita
2628 4499 2879 4576 selecta
2930 4508 3259 4599 exponet,
3308 4498 3424 4573 die
3472 4510 3541 4576 et
3580 4501 3746 4576 hora
3790 4499 4047 4575 deinde

1691 4618 2100 4694 indicandis,
4114 4650 4128 4656 “
