4942 6175
1751 652 2306 721 ORATIO.
3439 654 3561 719 111

612 866 727 941 An
767 863 1081 953 creditis,
1132 861 1545 950 Auditores,
1593 862 2038 963 interpretem
2085 864 2194 938 his
2235 863 2448 937 tantis
2484 861 2686 937 malis
2725 860 2987 935 mederi
3022 861 3274 961 posse?
3323 860 3557 934 Nolite

511 986 644 1061 hoc
683 983 1020 1061 arbitrari.
1121 983 1330 1057 Certe
1375 1004 1522 1059 non
1565 982 1800 1058 omnia
1847 1008 1888 1058 a
1932 982 2320 1082 legislatore
2357 1006 2631 1083 sperare
2675 991 2964 1083 oportet.
3038 981 3313 1061 Quodsi
3366 982 3553 1057 enim

512 1104 636 1181 his
673 1102 1108 1204 temporibus
1152 1102 1478 1202 frequens
1531 1100 1716 1176 inter
1767 1126 1844 1176 se
1893 1102 2126 1177 homin
2137 1127 2253 1178 um
2301 1101 2789 1179 commercium
2841 1103 3151 1202 quotidie
3196 1103 3339 1178 fere
3382 1126 3559 1177 nova

513 1224 796 1326 negotia
845 1244 1197 1323 novasque
1253 1221 1738 1297 conventiones
1783 1221 2002 1321 parit,
2052 1248 2349 1321 quorum
2395 1248 2485 1297 ne
2530 1224 2811 1299 nomina
2857 1224 3139 1322 quidem
3184 1224 3333 1298 iure
3379 1222 3565 1299 civili

514 1346 788 1445 prodita
827 1351 994 1421 sunt
1013 1400 1034 1433 ,
1085 1341 1194 1417 vel
1240 1364 1536 1440 quorum
1573 1348 1795 1430 certe,
1847 1341 1908 1415 si
1953 1341 2092 1417 iam
2143 1343 2338 1441 prius
2378 1343 2697 1431 fuerunt,
2746 1343 2918 1417 ratio
2968 1351 3239 1419 mutata
3280 1368 3561 1443 prorsus

513 1474 622 1540 est
683 1472 756 1538 et
819 1468 1165 1548 mutatur,
1231 1481 1372 1533 non
1433 1482 1476 1532 a
1539 1457 1926 1557 legislatore
1998 1460 2232 1534 statim
2301 1502 2404 1519 -
2472 1461 2545 1534 id
2601 1462 2790 1560 quod
2836 1463 3277 1537 chdsmitio
3326 1472 3561 1537 nostro

510 1581 845 1657 assentior
916 1618 1012 1635 --
1073 1577 1198 1654 sed
1267 1602 1308 1651 a
1367 1577 1540 1653 iuris
1594 1578 1968 1679 interprete
2029 1578 2365 1655 auxilium
2433 1580 2815 1679 petendum
2860 1590 2984 1655 est.
3086 1580 3325 1655 Huius
3373 1582 3561 1655 enim

509 1702 810 1776 officium
885 1707 994 1774 est
1062 1698 1388 1797 amplecti
1455 1721 1538 1773 ea
1598 1720 1780 1796 quae
1857 1698 2156 1775 utilitate
2224 1706 2295 1773 et
2359 1701 2710 1799 aequitate
2770 1724 2845 1774 se
2900 1699 3425 1788 commendent,
3490 1709 3566 1773 et

510 1820 774 1897 radices
825 1842 1030 1920 agere
1071 1818 1460 1917 coeperint3
1527 1842 1765 1893 eorum
1820 1818 2020 1918 quasi
2065 1820 2340 1919 imperii
2388 1820 2503 1895 sui
2552 1820 2795 1919 potiri,
2865 1818 3276 1919 investigare
3322 1842 3563 1893 eorum

509 1960 668 2017 eum
733 1939 1112 2015 constituto
1179 1938 1334 2013 iure
1389 1945 1460 2013 et
1516 1938 1770 2013 tradito
1835 1938 2384 2015 convenientiam
2407 1999 2428 2030 ,
2496 1964 2581 2015 ex
2637 1942 2764 2015 hac
2819 1938 3297 2013 convenientia
3340 1946 3563 2015 certas

511 2060 850 2135 deducere
895 2058 1172 2159 regulas
1211 2057 1440 2158 iisque
1485 2058 1689 2157 quasi
1732 2058 1903 2134 iuris
1952 2059 2230 2159 signum
2283 2058 2749 2159 imprimendo
2792 2058 2865 2133 in
2916 2068 3287 2158 systemate
3330 2059 3559 2133 locum

509 2181 880 2280 assignare.
984 2179 1123 2253 Sed
1193 2178 1318 2253 ubi
1381 2179 1568 2278 leges
1632 2188 2026 2279 repugnant
2087 2180 2472 2257 sententiae
2538 2180 2812 2281 populi,
2874 2204 3011 2253 non
3070 2186 3298 2278 potest
3346 2180 3559 2253 inter·

509 2300 891 2400 pretatione
964 2322 1046 2375 ea
1114 2298 1576 2398 repugnantia
1640 2300 1810 2375 tolli.
1912 2301 2124 2379 Quod
2195 2302 2472 2401 nigrum
2540 2310 2645 2375 est
2710 2300 2786 2373 id
2852 2299 3366 2398 interpretando
3420 2322 3561 2372 non

509 2418 820 2496 effeceris
879 2417 1142 2495 album.
1241 2419 1338 2491 Et
1405 2417 1718 2494 videmus
1787 2420 1859 2495 in
1929 2421 2152 2521 patria
2211 2430 2446 2495 nostra
2518 2420 2690 2519 quid
2748 2419 2911 2493 inde
2961 2420 3239 2494 oriatur.
3339 2418 3563 2493 Perti-

508 2540 768 2615 naoiter
824 2536 1379 2614 emendationem
1450 2536 1799 2637 legislator
1864 2545 2179 2626 recusat,
2249 2546 2586 2613 mercator
2646 2536 2735 2613 ab
2794 2538 3167 2637 interprete
3223 2536 3561 2612 auxilium

509 2659 722 2759 petit:
775 2658 892 2733 hic
933 2656 1321 2758 torquendo
1366 2655 1848 2756 flectendoque
1891 2657 2066 2757 legis
2121 2658 2531 2733 sententiam
2555 2716 2576 2747 ,
2626 2665 2967 2755 quantum
3008 2668 3233 2759 potest
3276 2657 3563 2733 utilitati

510 2790 582 2855 et
645 2777 1176 2854 necessitatibus
1243 2776 1586 2852 subvenit.
1691 2776 1830 2851 Sed
1891 2776 1990 2851 ita
2050 2777 2160 2852 lex
2217 2776 2410 2853 elusa
2462 2785 2608 2867 est,
2658 2779 3044 2853 constantia
3088 2778 3257 2853 iuris
3308 2780 3566 2853 amissa

509 2907 582 3013 et
638 2897 1126 2975 commercium
1181 2895 1543 2973 hominum
1591 2895 1772 2971 inter
1825 2914 1898 2970 se
1941 2896 2382 2994 impeditum.
2482 2897 2735 2997 Neque
2779 2899 2965 2973 enim
3013 2923 3252 2973 omnes
3299 2899 3569 2975 iudicas

511 3027 584 3093 at
641 3018 1051 3119 interpretes
1111 3016 1368 3094 adduci
1429 3015 1628 3093 facile
1694 3022 2029 3116 possunt,
2095 3024 2180 3092 ut
2231 3016 2454 3117 legem
2476 3074 2497 3107 ,
2547 3017 2621 3093 in
2674 3042 2883 3119 quam
2934 3020 3370 3109 iuraverunt,
3420 3042 3561 3094 non

512 3139 836 3239 scriptam
879 3161 1030 3212 esse
1083 3137 1485 3214 existiment
1505 3171 1558 3234 ς,
1575 3144 1786 3236 atque
1833 3135 1992 3212 hinc
2041 3143 2192 3213 orta
2236 3147 2342 3214 est
2394 3137 2933 3238 iurisprudentia
2981 3141 3195 3216 dubia
3242 3150 3313 3216 et
3360 3140 3558 3216 vacil-

509 3259 697 3348 lans,
747 3258 1152 3357 factumque
1191 3257 1382 3357 quod
1433 3259 1624 3334 Baoo
1663 3257 2042 3358 pessimum
2089 3257 2485 3357 exemplum
2530 3261 2901 3360 appellavit
2944 3271 3023 3335 ut
3064 3261 3330 3350 curiae,
3382 3283 3561 3360 quae

511 3403 748 3479 pacem
797 3378 1098 3454 subditis
1143 3387 1494 3478 praestent
1513 3436 1534 3468 ,
1583 3377 1764 3452 inter
1805 3401 1882 3452 se
1928 3377 2158 3455 duella
2209 3389 2591 3456 exerceant.

610 3499 747 3573 His
811 3498 1057 3588 rebus,
1127 3521 1306 3597 quae
1373 3500 1512 3574 iam
1579 3495 1900 3572 ferendae
1971 3520 2108 3572 non
2181 3507 2384 3588 sunt,
2455 3523 2663 3576 nemo
2734 3500 2870 3574 nisi
2937 3501 3283 3600 legislator
3344 3500 3556 3572 finem

509 3618 732 3694 facere
799 3626 1051 3718 potest.
1151 3620 1488 3694 Curemus
1557 3641 1686 3694 nos
1757 3616 2202 3692 Praetoribus
2277 3617 2647 3708 Romanis,
2720 3620 2843 3717 qui
2908 3619 3175 3693 Edictis
3236 3619 3379 3693 suis
3446 3619 3555 3692 ius

511 3737 712 3820 civile
778 3737 1202 3814 adiuvabant
1221 3798 1240 3827 ,
1307 3738 1742 3838 corrigebant
1759 3795 1782 3826 ‚
1851 3736 2269 3837 supplebant
2331 3745 2406 3811 et
2467 3737 2647 3813 vitae
2694 3737 3223 3836 commerciique
3273 3735 3559 3810 humani

513 3857 1042 3932 necessitatibus
1101 3859 1546 3957 adaptabant.
1663 3857 1922 3932 Omnia
1978 3857 2338 3931 conanime
2404 3853 2591 3932 hunc
2660 3879 2918 3960 morem
2984 3858 3376 3931 Romanum
3455 3853 3561 3929 vel

509 3977 782 4076 aliquid
849 3979 1039 4076 quod
1105 3985 1288 4053 esset
1340 3977 1490 4052 eius
1535 3976 1820 4052 utilitati
1859 3975 2082 4050 simile
2128 3975 2200 4049 in
2247 3976 2561 4051 civitates
2606 3978 3017 4052 recentiores
3063 3976 3557 4064 transferendi,

509 4105 884 4172 caruerunt
929 4096 1202 4174 effectu.
1275 4096 1666 4196 Anglorum
1707 4095 1938 4170 curiae
1977 4095 2346 4170 Censoriae
2364 4154 2385 4184 ‚
2435 4117 2731 4195 quarum
2768 4104 2915 4172 erat
2941 4097 3244 4172 officium
3280 4119 3517 4170 curare
3533 4154 3554 4186 ,

519 4225 600 4290 nt
631 4225 814 4291 esset
856 4225 930 4290 et
967 4227 1276 4292 maneret
1316 4216 1487 4292 iuris
1523 4224 1598 4291 et
1627 4215 2000 4314 aequitatis
2027 4215 2208 4290 inter
2246 4237 2320 4289 se
2343 4216 2701 4291 consensio
2720 4275 2739 4306 ,
2784 4241 3201 4319 magnopere
3220 4215 3561 4291 aBacone

515 4330 1032 4410 commendatae
1057 4391 1078 4424 ,
1120 4336 1347 4411 locum
1383 4357 1591 4410 suum
1631 4333 1926 4409 retinere
1955 4357 2096 4410 non
2136 4343 2516 4434 potuerunt
2556 4353 2626 4411 et
2656 4338 2909 4412 sensim
2938 4335 3412 4436 paulatimque
3442 4332 3559 4406 de·

517 4462 1039 4554 generaverunt.
1111 4457 1317 4543 Quae
1357 4465 1560 4532 acute
1607 4455 2022 4556 excogitavit
2072 4455 2493 4532 Schraderus
2529 4478 2665 4532 non
2710 4457 2879 4544 satis
2918 4455 3083 4530 usui
3122 4453 3562 4528 accomodata

514 4597 670 4649 esse
721 4582 987 4673 reperta
1049 4585 1235 4652 sunt.
1338 4576 1567 4652 Etiam
1629 4574 1856 4650 Holtii
1921 4575 2138 4649 nostri
2191 4577 2569 4664 sententia,
2620 4574 3059 4649 tribuendam
3106 4597 3259 4648 esse
3306 4573 3559 4648 Curiae

517 4693 898 4793 Supremas
937 4702 1349 4794 potestatem
1388 4693 1564 4793 leg-is
1617 4693 2044 4794 supplendae
2065 4753 2084 4784 ,
2133 4696 2208 4770 in
2249 4695 2539 4772 Francia
2554 4752 2575 4785 ,
2628 4694 2751 4769 ubi
2791 4694 3023 4795 aliquo
3060 4693 3269 4768 modo
3302 4693 3376 4767 id
3420 4693 3560 4770 fac·

514 4823 670 4889 tum
715 4821 861 4902 est,
917 4814 1182 4889 fructus
1223 4837 1360 4888 non
1409 4813 1574 4888 tulit
1616 4821 1688 4888 et
1741 4813 1812 4887 in
1860 4815 2080 4912 patria
2125 4823 2358 4892 nostra
2407 4815 2547 4890 iam
2597 4839 2643 4890 a
2690 4815 2966 4890 nemine
3014 4824 3507 4914 propugnatur.
