4942 6175
1434 663 1565 730 158
2559 661 2625 726 F.
2675 659 2746 726 Z.
2795 657 3352 724 ERMEMNS

1530 871 1866 972 Opificia,
1935 868 2067 944 alia
2126 866 2305 942 vitae
2360 865 2578 940 civilis
2644 864 2964 964 negotia,
3033 863 3214 939 bella
3274 865 3522 963 quovis
3569 871 3881 962 tempore
3923 869 3997 938 et
4045 863 4238 962 apud
4283 887 4492 962 quas·

1432 993 1537 1066 vis
1625 999 1868 1092 gentes
1887 1047 1908 1079 ,
1992 987 2183 1088 apud
2272 986 2574 1061 Graecos
2640 985 2927 1084 insuper
2991 983 3406 1072 certamina,
3479 984 3844 1084 gymnasia
3907 1006 4047 1059 non
4111 991 4490 1080 potuerunt

1428 1135 1569 1188 non
1620 1109 1947 1211 praebere
1989 1105 2349 1182 materiem
2393 1104 2736 1205 chirurgia
2759 1163 2779 1194 ,
2829 1104 2903 1178 in
2954 1127 3096 1202 qua
3141 1112 3362 1180 artem
3409 1109 3828 1180 exercerent.
3931 1101 4489 1200 Antiquissima

1424 1239 1667 1306 autem
1739 1228 1828 1304 de
1876 1227 2087 1303 rebus
2143 1225 2550 1324 chirurgicis
2606 1224 2778 1299 liber
2825 1231 3178 1324 superstes
3227 1231 3336 1302 est
3383 1223 3856 1323 fragmentum
3907 1221 3998 1298 de
4043 1222 4291 1320 capitis
4337 1223 4486 1302 vul·

1425 1349 1752 1438 neribus,
1824 1347 2017 1446 quod
2086 1344 2234 1420 seni
2296 1345 2446 1420 Coo
2515 1354 2875 1443 acceptum
2938 1343 3320 1418 referimus.
3421 1343 3604 1420 Sunt
3673 1351 3908 1418 tamen
3965 1340 4038 1416 in
4097 1365 4182 1418 eo
4233 1340 4484 1422 indicia

1424 1468 1797 1546 manifesta
1870 1474 2093 1542 artem
2162 1489 2318 1540 eam
2381 1463 2502 1538 illo
2563 1487 2732 1538 aevo
2809 1462 3081 1538 dudum
3145 1462 3362 1536 tuisse
3417 1463 3700 1540 cultam.
3819 1459 4090 1536 Montio
4137 1461 4224 1536 fit
4267 1459 4343 1536 in
4397 1485 4476 1538 co

1424 1613 1597 1663 usus
1662 1587 1973 1662 terebrae
1992 1643 2012 1674 ,
2086 1585 2279 1682 quod
2348 1584 2892 1662 instrumentum
2959 1607 3102 1658 non
3164 1581 3610 1670 describitur,
3681 1580 3804 1655 sed
3855 1585 4280 1658 memoratur
4331 1588 4478 1660 tan·

1426 1729 1641 1808 quam
1704 1705 2031 1782 omnibus
2092 1714 2362 1779 notum.
2468 1703 2676 1778 Unde
2737 1701 3122 1801 intelligitis
3173 1725 3313 1780 non
3357 1726 3608 1778 novam
3655 1700 3872 1776 fuisse
3915 1707 4170 1788 artem,
4221 1699 4293 1774 in
4336 1725 4480 1798 qua

1426 1827 1564 1902 tale
1605 1825 2147 1900 instrumentum
2199 1827 2670 1920 usurparetur.
2769 1820 2878 1894 De
2923 1820 3166 1918 primis
3195 1843 3354 1894 vero
3380 1820 3532 1896 eius
3553 1818 3772 1894 initiis
3797 1818 3974 1894 nihil
3993 1819 4338 1896 novimus.
4381 1862 4478 1882 --

1422 1944 1907 2019 Anatomicam
1976 1941 2277 2042 partium
2346 1941 2815 2040 cognitionem
2877 1964 3018 2016 non
3076 1941 3280 2040 plane
3320 1940 3666 2040 chirurgia
3715 1938 4022 2038 antiquis
4069 1939 4313 2016 daem
4357 1964 4476 2039 po-

1419 2063 1639 2139 tuisse
1714 2061 2194 2161 unusquisque
2267 2061 2614 2160 perspicit.
2719 2061 2812 2134 Et
2869 2086 3027 2136 vero
3093 2061 3558 2161 Hippocrates
3609 2059 3680 2133 in
3743 2084 3874 2136 suo
3912 2059 4178 2158 scripto
4217 2061 4478 2136 omium

1412 2182 1636 2258 cranii
1678 2189 2097 2260 structuram
2142 2182 2465 2280 exponit3
2519 2179 2758 2255 scribit
2803 2181 2891 2254 de
2934 2181 3100 2256 locis
3136 2181 3352 2256 cranii
3388 2179 3840 2255 debilioribus
3861 2237 3881 2268 ,
3933 2179 4438 2256 robustioribus
4453 2237 4474 2268 ,

1412 2303 1579 2400 plus
1663 2302 1897 2376 minus
1965 2301 2281 2399 partibus
2374 2298 2704 2374 mollibus
2799 2299 3003 2374 tectis
3022 2359 3043 2388 ,
3115 2301 3204 2374 de
3253 2299 3648 2374 diversitate
3715 2297 4001 2374 habitus
4046 2297 4304 2378 ossium
4349 2322 4476 2397 pso

1407 2427 1639 2496 aetate
1706 2421 2009 2508 diversa,
2060 2421 2148 2494 de
2200 2419 2461 2494 suturis
2481 2478 2501 2507 ,
2553 2419 2706 2494 aliis
2753 2420 2997 2507 rebus,
3049 2443 3224 2517 quas
3268 2419 3340 2492 in
3388 2419 3796 2494 tractatione
3849 2418 4236 2494 laesionum
4285 2443 4468 2498 com·

1412 2541 1761 2639 putandas
1820 2547 2118 2614 censeat.
2222 2539 2552 2612 Ceterum
2612 2535 3210 2634 quemadmodum
3269 2519 3342 2610 in
3387 2535 3792 2636 chirurgicis
3841 2535 3979 2612 illis
4022 2535 4298 2612 definiri
4333 2561 4472 2614 non

1421 2667 1652 2756 potest
1714 2658 1887 2757 quid
1956 2656 2434 2732 decessoribus
2507 2655 2827 2729 debuerit
2850 2713 2870 2742 ,
2941 2656 3112 2754 quid
3177 2656 3312 2754 ipsi
3365 2655 3742 2745 debeatur,
3807 2657 3908 2731 ita
3954 2655 4046 2732 de
4089 2657 4471 2734 anatomicos

1411 2778 1717 2877 partium
1784 2777 2179 2876 cognitione
2244 2776 2371 2850 viri
2438 2775 2552 2849 vix
2617 2774 3006 2874 quidquam
3077 2775 3357 2852 scimus.
3478 2777 3676 2852 Num
3747 2774 4172 2852 anatomiam
4247 2776 4467 2852 solum

1404 2897 1801 2996 chirurgiae
1856 2922 2065 2973 causa
2128 2896 2418 2972 coluerit
2434 2954 2456 2985 ,
2523 2921 2612 2972 an
2664 2920 2911 2996 corpus
2963 2895 3353 2972 humanum
3406 2919 3688 2996 quoque
3745 2894 4210 2995 cognoscendi
4253 2895 4468 2996 grafia

1406 3017 1513 3091 illi
1574 3041 1851 3118 operam
1918 3016 2227 3107 dederit,
2296 3041 2435 3092 non
2500 3016 2742 3116 liquet.
2841 3017 3122 3093 Praeter
3176 3017 3312 3093 alia
3369 3015 3655 3093 minoris
3707 3014 4050 3092 momenti
4089 3023 4164 3091 ct
4209 3016 4466 3095 minora

1412 3136 1499 3211 de
1566 3138 1916 3245 chirurgia
1984 3138 2237 3237 scripta
2302 3137 2642 3213 habemus
2687 3160 2888 3237 ‘opus
2947 3137 3035 3211 de
3097 3137 3414 3215 fracturis
3465 3145 3537 3213 et
3582 3136 4058 3214 luxationibus
4099 3137 4427 3235 anonymi
4444 3195 4465 3226 ,

1414 3259 1528 3331 cui
1600 3259 1809 3333 etiam
1880 3256 2219 3334 debemus
2292 3258 2682 3334 anatomica
2750 3257 3140 3357 fragmenta
3211 3257 3300 3333 de
3375 3258 3685 3348 ossibus,
3761 3256 3940 3334 vasis
4017 3255 4464 3355 sanguiferis,

1408 3376 1648 3463 corde,
1720 3374 1895 3449 aliis.
1995 3375 2284 3450 Certum
2348 3382 2455 3449 est
2524 3375 2712 3450 hunc
2773 3375 3073 3475 reliquos
3123 3375 3280 3453 illos
3348 3385 3609 3453 veteres
3669 3378 3744 3452 in
3809 3376 4216 3453 anatomicis
4261 3378 4463 3476 longe

1406 3495 1829 3569 antecellere.
1911 3495 2101 3569 Huic
2148 3495 2497 3571 anatomia
2530 3493 3064 3570 fundamentum
3103 3494 3240 3569 fuit
3256 3554 3276 3583 ,
3333 3494 3450 3570 cui
3479 3494 3905 3596 chirurgiam
3940 3501 4458 3594 superstrueret.

1406 3614 1703 3691 Constat
1748 3622 1985 3690 autem
2026 3640 2189 3690 eum
2236 3639 2376 3690 non
2428 3615 2654 3690 solum
2705 3613 3094 3715 chirurgiae
3145 3640 3354 3691 causa
3399 3614 3825 3691 anatomiam
3875 3615 4170 3692 coluisse
4187 3674 4210 3705 ,
4255 3614 4457 3691 cub-

1403 3756 1563 3809 vera
1624 3758 1785 3809 vero
1852 3736 2060 3810 etiam
2120 3734 2420 3811 secuisse
2487 3742 2568 3809 ut
2629 3736 2934 3834 partium
2994 3735 3254 3811 formae
3275 3794 3295 3825 ,
3367 3735 3542 3811 situs
3609 3744 3681 3810 et
3729 3760 3950 3811 nexus
3995 3735 4456 3835 cognitionem

1407 3850 1543 3925 sibi
1582 3862 1873 3951 pararet.
1974 3854 2159 3930 Eum
2197 3854 2305 3930 his
2346 3854 2422 3928 in
2468 3853 2679 3930 rebus
2711 3855 2912 3955 plura
2955 3854 3232 3930 scivisse
3252 3914 3274 3945 ,
3325 3880 3503 3955 quae
3548 3854 4054 3956 Hippocratem
4095 3856 4454 3946 latuerint,

1400 3970 1556 4045 eius
1634 3995 1811 4070 opus
1884 3971 2065 4047 ultro
2134 3974 2461 4049 ostendit.
2566 3974 2741 4049 Prae
2808 3982 3416 4051 monumentorum
3480 3973 3754 4051 defectu
3822 3974 3912 4049 de
3979 3976 4109 4051 hoc
4179 3998 4454 4074 qunque

1398 4090 1837 4187 ignoramus,
1908 4090 2083 4189 quid
2147 4092 2284 4189 ipsi
2348 4092 2724 4183 debeatur,
2799 4094 2971 4192 quid
3015 4094 3542 4194 antiquioribus.
3645 4094 3959 4194 Apparet
3999 4100 4238 4171 autem
4289 4118 4454 4170 eum

1396 4211 1633 4309 plures
1677 4210 2040 4285 methodos
2091 4209 2480 4285 describere
2498 4268 2519 4300 ,
2569 4236 2745 4310 quas
2789 4212 2909 4286 alii
2959 4221 3493 4314 usurpaverant,
3543 4214 3662 4289 ille
3701 4238 3862 4290 vero
3911 4214 4236 4291 rmrat
4251 4272 4276 4305 ,
4309 4214 4449 4290 sive

1393 4339 1675 4429 propter
1747 4330 2229 4405 crudelitatem
2286 4330 2428 4406 sive
2479 4338 2758 4431 propter
2805 4332 3083 4407 inanem
3106 4393 3127 4424 ,
3177 4359 3220 4409 a
3266 4360 3406 4433 qua
3456 4334 3661 4433 longe
3705 4334 3972 4410 alienus
4019 4344 4128 4411 est
4147 4395 4170 4427 ,
4219 4340 4446 4411 osten-

1392 4448 1749 4525 tationem.
1854 4449 2088 4527 Verbo
2146 4450 2552 4550 chirurgum
2611 4476 2686 4525 se
2739 4450 3026 4551 praebet
3071 4478 3196 4554 pro
3242 4452 3364 4529 illa
3415 4462 3641 4530 aetate
3695 4454 3940 4530 ceteris
4005 4454 4404 4555 peritiorem
4421 4513 4444 4544 ,

1390 4568 1907 4662 prudentiorem
1954 4577 2027 4644 et
2060 4592 2199 4644 non
2243 4594 2382 4646 uno
2426 4572 2578 4647 1000
2625 4572 3010 4649 anatomiae
3053 4574 3407 4651 seientiam
3453 4574 3686 4674 prodit
3703 4634 3724 4665 ,
3779 4599 3994 4673 quam
4035 4574 4437 4665 admireris,

1390 4692 1463 4757 et
1512 4708 1691 4782 quae
1736 4710 1821 4762 ex
1866 4696 2152 4765 naturae
2196 4714 2427 4767 rerum
2478 4690 2956 4768 observatione
3009 4701 3172 4769 nata
3223 4694 3348 4783 sit,
3419 4718 3563 4769 uon
3605 4718 3694 4769 ex
3741 4694 4144 4793 phantam‘a,
4195 4718 4440 4793 quem-

1390 4800 1768 4879 admodum
1822 4806 2107 4905 Polybi,
2173 4809 2463 4886 aliorum
2526 4812 3016 4912 descriptiones
3085 4838 3411 4891 venarum
3480 4814 3685 4915 plane
3753 4824 3921 4889 sunt
3967 4814 4436 4915 imaginariae.
