4942 6175
1289 698 1375 765 12
2147 704 2222 767 R.
2287 701 2483 769 VAN
2546 700 3001 769 BONEVAL
3058 698 3389 765 FAURE

1289 913 1570 1003 postven
1581 914 1808 981 turum
1875 932 2130 985 novum
2201 932 2403 983 usum
2478 911 2853 1009 praevidit,
2926 929 3197 1003 semper
3268 906 3711 980 scientiarum
3781 904 4055 980 ambitu
4120 902 4329 979 latius

1289 1034 1702 1122 patescente.
1802 1028 2272 1103 Professorum
2342 1027 2404 1101 is
2474 1052 2807 1102 numerus
2874 1026 3295 1102 constitutus
3366 1048 3507 1121 quo
3566 1025 3906 1100 minorem
3972 1048 4124 1099 esse
4188 1048 4331 1099 non

1291 1144 1560 1234 liceret3
1629 1147 1866 1245 augeri
1927 1171 2052 1244 pro
2109 1170 2184 1219 re
2252 1153 2418 1221 nata
2471 1129 2685 1221 libere
2732 1154 3023 1247 poterat.
3121 1145 3354 1220 Novas
3398 1143 3759 1219 cathedras
3800 1143 4200 1218 institutum
4243 1142 4329 1217 iri

1292 1270 1416 1335 aut
1461 1288 1584 1362 pro
1629 1290 1767 1339 una
1813 1265 1989 1337 duas
2037 1263 2501 1341 substitutum
2558 1268 2616 1341 si
2670 1291 2838 1342 usus
2880 1273 3231 1365 posceret,
3282 1272 3555 1339 tantum
3600 1286 3739 1337 non
3774 1261 4325 1367 promittebatur.

1295 1383 1542 1479 Itaque
1606 1382 1712 1456 vix
1779 1382 1920 1457 ulla
1971 1384 2296 1458 Facultas
2339 1385 2520 1460 intra
2570 1384 2871 1459 eundem
2921 1382 3387 1457 Professorum
3444 1406 3813 1455 numerum
3868 1381 4083 1455 stetit.
4184 1383 4326 1455 Ex-

1290 1510 1488 1599 cepta
1533 1502 1892 1577 Facultate
1939 1503 2323 1602 theologica
2345 1562 2365 1592 ,
2417 1529 2840 1603 quamquam
2888 1511 2961 1577 et
3000 1502 3139 1575 illic
3183 1501 3469 1575 minime
3518 1499 3879 1599 disciplina
3920 1501 4104 1577 intra
4145 1510 4329 1575 vete-

1294 1644 1402 1693 res
1439 1620 1614 1695 fines
1655 1646 1730 1696 se
1768 1622 2149 1711 continuit,
2199 1624 2270 1697 in
2327 1624 2653 1697 omnibus
2716 1622 2931 1697 valuit
2987 1620 3195 1696 illud:
3277 1618 3569 1693 ''Divide
3634 1630 3705 1694 et
3755 1619 4067 1719 impera”
4115 1620 4331 1717 idque
4428 1606 4433 1611 ’

1294 1764 1432 1814 non
1485 1741 1573 1815 ad
1621 1741 2035 1841 frangendas
2083 1742 2256 1816 vires
2306 1744 2426 1817 sed
2470 1744 2561 1817 ad
2604 1740 3141 1840 amplificandas.
3216 1740 3329 1814 Sic
3372 1740 3510 1813 Ars
3560 1739 3944 1839 chirurgica
3988 1750 4061 1814 et
4100 1741 4331 1815 obste-

1293 1859 1528 1949 tricia,
1593 1860 1922 1951 Chemia,
1971 1862 2304 1937 Botanica
2346 1871 2416 1937 et
2467 1862 2829 1961 Zoologia,
2882 1860 3221 1936 Mathesis
3266 1868 3337 1935 et
3384 1860 3712 1957 Physica,
3763 1861 3887 1934 Ius
3934 1861 4331 1934 Romanum

1295 1987 1364 2053 et
1433 1980 1867 2055 Hodiernum
1888 2040 1908 2070 ,
1981 1982 2253 2057 Patriae
2320 1982 2587 2055 litterae
2659 1992 2730 2055 et
2798 1980 3148 2068 Historia,
3220 1980 3385 2053 olim
3442 1978 3734 2079 singulis
3784 2004 3971 2054 nunc
4014 1978 4333 2077 pluribus

1293 2100 1752 2189 demandata,
1801 2109 1882 2175 et·
1921 2102 2030 2176 his
2073 2102 2240 2200 ipsis
2287 2101 2537 2175 diebus
2584 2101 2816 2175 laetati
2868 2125 3113 2175 sumus
3155 2099 3391 2173 divisis
3436 2099 3745 2173 omnium
3793 2098 4329 2196 intelligentium

1293 2219 1542 2317 plausu
1601 2221 1972 2295 Anatomia
2043 2232 2114 2294 et
2181 2221 2639 2320 physiologia.
2740 2223 2975 2300 Quam
3023 2221 3339 2295 dolemus
3382 2219 3571 2294 illam
3619 2218 3948 2293 laetitiam
3997 2242 4134 2294 non
4181 2244 4333 2293 esse

1292 2338 1671 2437 integram!
1756 2341 1961 2419 Quae
2014 2366 2122 2415 res
2171 2368 2214 2415 a
2265 2349 2501 2415 nostro
2550 2341 2997 2416 Halbertsma
3050 2348 3373 2438 exoptata
3420 2345 3499 2412 ut
3556 2347 3789 2414 utotus
3832 2338 3905 2411 in
3959 2338 4333 2413 Anatomia

1293 2466 1646 2561 superaret
1718 2484 1791 2531 se
1847 2458 2127 2557 ipsum”
2191 2484 2272 2533 ea
2333 2484 2521 2533 nunc
2577 2460 2763 2533 venit
2812 2460 2903 2533 ad
2944 2460 3265 2533 effectum
3311 2466 3669 2555 tamquam
3713 2483 3797 2532 ex
3838 2458 4025 2531 illius
4070 2459 4332 2533 ultimis

1290 2576 1544 2649 tabulis
1593 2601 1767 2673 quas
1817 2602 1902 2651 ex
1953 2577 2080 2651 hac
2128 2578 2278 2677 ipsa
2327 2579 2655 2653 cathedra
2704 2578 3165 2676 nuncupavit!

1387 2696 1492 2769 Ex
1554 2696 1797 2769 eadem
1845 2695 2257 2771 liberalitate
2307 2722 2525 2773 novae
2573 2698 2939 2773 cathedrae
2987 2704 3337 2796 parantur.
3439 2694 3635 2769 Laeti
3682 2696 4119 2771 recordamur
4163 2697 4332 2794 quid

1291 2813 1421 2887 hoc
1465 2836 1648 2887 anno
1695 2822 2000 2888 vertente
2053 2814 2370 2913 Linguae
2425 2815 2814 2889 sanseritae
2868 2814 2959 2889 sit
3004 2813 3432 2912 praestitum.

1390 2932 1468 3006 Si
1529 2957 1712 3031 quae
1775 2932 1950 3008 forte
2009 2933 2244 3007 sordes
2315 2933 2601 3033 angusti
2648 2934 2862 3008 animi
2909 2932 3585 3023 animadvertantur,
3650 2959 3868 3034 quum
3917 2934 4335 3034 professores

1289 3052 1808 3129 extraordinarii
1851 3078 1976 3154 pro
2017 3053 2382 3146 ordinariis
2430 3062 2751 3129 creantur
2772 3113 2792 3143 ,
2844 3078 2979 3128 non
3030 3062 3137 3128 est
3178 3053 3295 3128 illa
3342 3053 3545 3152 culpa
3590 3055 3883 3130 Decreto
3923 3056 4337 3156 imputanda

1289 3175 1412 3248 sed
1457 3173 1542 3248 iis
1590 3174 1713 3273 qui
1763 3183 2000 3249 contra
2049 3175 2327 3248 Decreti
2373 3176 2787 3250 sententiam
2842 3175 3008 3249 fisco
3052 3175 3347 3248 nimium
3398 3175 3871 3252 consulebant.

1390 3294 1642 3369 Nonne
1699 3294 1938 3368 eadem
2003 3292 2275 3368 sordida
2339 3295 2760 3394 parcimonia
2809 3304 3117 3394 grassata
3166 3303 3273 3369 est
3313 3319 3531 3393 quum
3577 3296 3951 3372 certamina
4002 3297 4333 3372 litteraria

1289 3413 1734 3502 tollerentur,
1807 3438 1991 3487 nunc
2067 3414 2284 3512 Regis
2353 3414 2762 3490 liberalitate
2824 3416 2897 3489 in
2959 3415 3167 3490 vitam
3231 3415 3594 3489 revocata?
3661 3440 3879 3513 quum
3929 3416 4335 3492 tollerentur

1288 3533 1674 3607 studiorum
1722 3532 2063 3633 stipendia
2113 3533 2276 3607 olim
2329 3535 2621 3608 nimium
2672 3535 2893 3612 multa
2935 3560 3120 3610 nunc
3166 3534 3256 3610 ad
3305 3535 3573 3609 iustum
3622 3535 3907 3610 modum
3958 3536 4285 3612 redacta?

1389 3652 1585 3730 Quid
1662 3651 1887 3726 dicam
1959 3654 2048 3728 de
2120 3661 2454 3752 apparatu
2523 3664 2594 3729 et
2658 3655 3067 3754 supellectili
3134 3655 3522 3730 studiorum
3546 3657 3581 3728 Ρ
3672 3656 3813 3730 Ηίο
3892 3657 4331 3754 potissimum

1271 3778 1572 3870 apparet
1636 3782 1899 3869 quanto
1963 3772 2110 3847 iure
2181 3773 2577 3872 Kemperus
2648 3774 2899 3848 dixerit
2950 3799 3089 3849 nou
3149 3798 3275 3873 pro
3318 3797 3523 3848 onere
3568 3799 3827 3848 curam·
3864 3777 4335 3850 Institutionis

1288 3891 1608 3991 publicae
1672 3891 1962 3990 pecuina
2035 3892 2414 3967 redemtam
2493 3893 2663 3967 velle
2722 3893 3223 3991 rempublicam
3296 3894 3419 3968 sed
3479 3893 3553 3966 id
3623 3918 4039 3993 magnopere
4086 3895 4203 3994 agi
4258 3905 4337 3969 ut

1293 4003 1692 4106 disciplinae
1763 4006 1983 4082 laetae
2054 4008 2501 4085 efflorescant.
2600 4011 2767 4084 Ubi
2833 4011 3029 4111 ,legas
3098 4037 3179 4088 ea
3246 4037 3425 4112 quae
3490 4013 3857 4114 diligenter
3919 4015 4337 4114 praescripta

1293 4135 1460 4202 sunt
1527 4126 1616 4200 de
1688 4127 2118 4201 exstruendis
2186 4128 2517 4202 aedificiis
2538 4187 2558 4217 ,
2632 4131 3069 4230 bibliothecis
3088 4190 3108 4220 ,
3158 4132 3418 4207 museis
3438 4189 3457 4220 ‚
3510 4132 3932 4209 laboratoriis
3950 4193 3973 4223 ,
4024 4134 4335 4210 animad-

1292 4255 1516 4323 vertas
1584 4254 1923 4345 quantum
1983 4247 2310 4346 pecuniae
2373 4248 2481 4322 his
2544 4250 2755 4324 rebus
2808 4250 3233 4324 attribuatur
3288 4252 3360 4324 in
3426 4275 3645 4326 annos
3700 4254 4050 4353 singulos,
4098 4255 4339 4329 credas

1292 4367 1791 4467 Legislatorem
1864 4366 1995 4440 sibi
2061 4366 2274 4440 videri
2327 4391 2410 4442 ea
2461 4379 2691 4444 aetate
2739 4369 2961 4444 vivere
2982 4428 3003 4459 ,
3053 4394 3273 4469 quum
3324 4371 3622 4470 primum
3667 4373 4045 4448 Academia
4085 4374 4339 4450 conde·

1289 4495 1501 4562 retur.
1607 4485 1878 4560 Dixeris
1925 4496 2083 4585 post
2131 4497 2438 4562 renatam
2496 4489 2755 4586 patriae
2796 4489 3182 4564 libertatem
3224 4499 3496 4567 renatas
3540 4517 3691 4566 esse
3736 4493 4072 4568 maiorum
4126 4495 4337 4569 virtu-

1292 4615 1400 4682 tes
1462 4606 1902 4705 prudentiam
1951 4614 2022 4681 et
2075 4607 2628 4705 magnitudinem
2682 4609 2935 4699 animi,
2986 4619 3067 4684 ut
3110 4611 3695 4710 quemadmodum
3749 4613 3851 4688 illi
3900 4615 4339 4715 splendidam

1297 4735 1369 4804 et
1437 4726 1836 4802 duraturam
1899 4727 2346 4802 Academiam
2402 4729 2915 4819 condidissent,
2986 4731 3083 4806 sic
3143 4756 3293 4807 eam
3349 4732 3483 4806 seri
3530 4741 3815 4834 nepotes
3861 4734 3949 4809 de
4002 4759 4181 4812 novo
4220 4736 4339 4810 iis-

1297 4849 1452 4922 dem
1505 4845 1754 4922 animis
1800 4847 2193 4924 conderent.
2385 4866 2388 4870 ·
