4942 6175
1497 751 1937 820 lemma
2008 750 2540 822 onumen.
3317 703 3322 708 ’
3429 749 3564 818 219

602 959 715 1036 De
784 983 927 1060 qua
998 959 1101 1063 sic
1156 947 1491 1036 iudicavit
1552 961 1785 1052 Ordo,
1854 969 1935 1038 ut
1976 961 2403 1038 existimaret
2447 968 2800 1038 auctorem
2847 982 2990 1037 non
3033 958 3261 1037 solum
3307 982 3392 1034 ea
3435 957 3556 1032 de-

504 1081 689 1156 disse
706 1138 729 1174 ,
802 1104 983 1181 quae
1055 1107 1143 1157 ex
1206 1080 1499 1158 aliorum
1566 1081 1893 1182 operibus
1958 1083 2233 1184 excerpi
2296 1090 2653 1182 poterant,
2729 1081 2854 1157 sed
2914 1105 3078 1157 eum
3147 1101 3556 1180 responsum

500 1202 871 1304 protulisse
922 1203 1149 1304 quod,
1219 1227 1430 1302 quem
1496 1202 1587 1277 ad
1640 1201 1929 1279 modum
1980 1203 2175 1278 Ordo
2234 1203 2490 1294 voluit,
2569 1203 2722 1304 ipsa
2769 1211 3058 1279 naturae
3127 1225 3361 1278 rerum
3429 1198 3554 1274 ob-

504 1323 886 1401 servatione
950 1324 1305 1400 niteretur.
1409 1322 1631 1398 Cuius
1690 1323 1793 1398 rei
1852 1323 2271 1398 documenta
2324 1324 2744 1400 exhibentur
2791 1323 2867 1399 in
2920 1323 3205 1400 adiectis
3251 1319 3554 1396 delinea-

504 1445 817 1522 tionibus
834 1502 857 1536 ‚
908 1443 1192 1520 insectis
1208 1500 1230 1533 ,
1280 1441 1501 1532 nidis,
1550 1443 1969 1542 praeparatis
2002 1442 2429 1520 anatomicis,
2529 1445 2624 1518 Et
2658 1445 3044 1521 anatomica
3078 1440 3553 1542 investigatio,

505 1565 667 1640 licet
706 1563 973 1664 plenior-
1020 1585 1173 1636 esse
1200 1560 1611 1661 potuisset,
1660 1561 1882 1638 bonae
1928 1569 2163 1638 tamen
2214 1561 2714 1638 observationis
2757 1564 3071 1664 propriae
3093 1575 3294 1640 notas
3333 1570 3560 1638 certas

499 1683 806 1784 praebet.
906 1682 1188 1758 Praeter
1233 1688 1397 1757 ante
1442 1681 1759 1782 cognitas
1806 1682 2069 1781 species
2124 1682 2490 1784 indigenas
2536 1683 2795 1784 patrias
2837 1685 3050 1760 etiam
3099 1709 3249 1760 esse
3286 1683 3554 1782 primus

502 1803 673 1880 vidit
746 1801 1053 1903 Vespam
1123 1801 1436 1878 Mediam
1502 1809 1575 1878 et
1640 1803 1945 1904 Vespam
2016 1802 2500 1904 Norvegicam.
2640 1803 2906 1880 Attulit
2969 1827 3148 1903 quae
3201 1803 3394 1878 -scire
3463 1799 3557 1874 sit

498 1909 755 2024 operae
816 1921 1117 2023 pretium
1188 1923 1277 1998 de
1349 1922 1877 2000 characterismo
1894 1983 1916 2015 ‚
1993 1924 2173 2001 vitae
2239 1925 2506 2001 ratione
2522 1983 2543 2015 ,
2611 1923 3100 2000 distributione
3169 1922 3554 2024 specierum

496 2043 1006 2144 indigenarum.
1128 2044 1281 2120 Nec
1348 2051 1707 2122 momento
1776 2054 2012 2123 carent
2071 2045 2433 2123 observata
2493 2045 2584 2120 de
2639 2044 2900 2122 fabrica
2918 2104 2939 2135 ,
3001 2042 3514 2121 constructione
3529 2101 3552 2136 ,

498 2172 777 2240 textura
822 2162 1173 2242 nidorum.

592 2283 790 2362 Haeo
847 2285 1131 2385 quidem
1200 2285 1551 2361 laudanda
1612 2295 1685 2362 et
1746 2285 2107 2388 probanda
2148 2286 2524 2364 arbitratus
2576 2296 2686 2362 est
2736 2286 2932 2362 Ordo
2976 2286 3049 2361 in
3094 2285 3226 2361 hoc
3269 2285 3544 2385 scripto.

498 2405 745 2482 Minus
802 2429 961 2481 vem
1003 2406 1265 2506 placuit
1318 2405 1675 2506 prolixitas
1728 2407 2073 2508 quaedam
2116 2417 2189 2484 et
2233 2432 2465 2484 rerum
2517 2409 2656 2485 iam
2707 2414 2867 2486 ante
2911 2407 3254 2484 dictarum
3303 2405 3554 2505 repeti-

504 2527 730 2602 tiones
790 2526 1166 2602 nonnullae
1184 2585 1206 2618 ,
1276 2552 1457 2627 quae
1522 2527 1691 2604 vitia
1735 2537 1977 2605 auctor
2021 2529 2235 2606 vitare
2292 2528 2677 2630 potuisset,
2729 2528 2938 2604 modo
2987 2553 3062 2604 se
3101 2525 3562 2604 continuisset

497 2647 683 2723 intra
722 2647 1445 2724 commemorationem
1488 2672 1732 2725 eorum
1755 2707 1776 2739 ,
1829 2674 2012 2749 quae
2056 2651 2293 2726 statim
2334 2649 2425 2725 ad
2461 2674 2608 2725 rem
2645 2649 2985 2738 facerent,
3035 2671 3164 2722 nec
3201 2646 3556 2746 digressus

498 2777 683 2846 esset
724 2768 1023 2845 subinde
1068 2767 1159 2845 ad
1202 2767 1340 2846 alia
1389 2792 1571 2870 quae
1616 2791 1779 2848 cum
1817 2777 2230 2869 argumento
2259 2769 2684 2870 quaestionis
2707 2769 2941 2845 minus
2968 2774 3134 2842 sunt
3160 2765 3556 2842 coniuncta.

600 2888 741 2964 His
787 2889 1149 2991 perpensis
1196 2889 1391 2964 Ordo
1442 2913 1851 2989 responsum
1912 2889 2217 2989 praemio
2272 2912 2488 2965 aureo
2537 2889 2926 2994 ornandum
2989 2911 3142 2964 esse
3191 2884 3549 2962 iudicavit.

602 3009 889 3103 Scidula
934 3017 1171 3127 aperta
1215 3009 1473 3112 prodiit
1518 3033 1773 3087 nomen

1490 3172 1823 3265 mmor
1858 3172 2035 3232 um
2067 3172 2228 3233 vm
2260 3172 2566 3236 Annum.

1344 3270 1404 3328 c·
1436 3269 1715 3329 Aonas-50
1752 3269 2083 3344 oro-inqua
2114 3268 2261 3329 rm.
2292 3269 2421 3329 Nat.
2457 3268 2704 3330 seuam

688 3829 962 3905 ORDO
1011 3829 1741 3908 PHILOSOPHIAE
1785 3832 2476 3909 THEORE'I'ICAE
2524 3832 2646 3908 ET
2693 3828 3332 3905 LITTERARUM

1666 3952 2366 4031 HUMANIORUM

491 4209 581 4285 ad
629 4209 1103 4309 quaestionem
1150 4209 1612 4311 propositam:

596 4330 1044 4430 uExponatur
1113 4331 1465 4430 quomodo
1530 4332 1621 4408 ab
1688 4332 1907 4410 Iliade
1982 4333 2255 4411 differat
2325 4333 2679 4435 Odyssea,
2747 4332 3010 4409 ratione
3081 4330 3319 4409 habita
3384 4336 3530 4405 tam

490 4472 722 4547 rerum
792 4450 1204 4527 traditarum
1268 4457 1606 4547 (morum,
1670 4454 2188 4546 institutorum,
2239 4480 2469 4532 rerum
2525 4454 2988 4547 divinarum),
3038 4476 3249 4552 quam
3303 4449 3530 4525 elocu-

488 4569 693 4645 tionis
773 4578 847 4646 et
926 4579 1209 4649 ornatus
1284 4572 1573 4672 poetici,
1652 4574 1904 4652 deinde
1982 4577 2168 4651 unde
2246 4576 2376 4652 hoc
2450 4574 2820 4651 discrimen
2895 4573 2990 4647 sit
3067 4568 3524 4671 repetendum

483 4690 971 4791 inquiratur?

582 4835 807 4887 unum
849 4812 1115 4913 accepit
1156 4836 1565 4913 responsum
1610 4814 2021 4917 inscriptum
2071 4815 2297 4891 verbis
2346 4814 2656 4892 Horatii:
2729 4814 2901 4891 nEst
2924 4810 3228 4915 quadam
3253 4809 3530 4912 prodire

488 4940 695 5008 tenus
742 4931 803 5007 si
850 4956 989 5017 non
1040 4933 1249 5009 datur
1297 4934 1548 5011 ultra.”

3048 5051 3203 5129 28*
