<?xml version="1.0" encoding="UTF-8"?>
<!DOCTYPE html PUBLIC "-//W3C//DTD XHTML 1.0 Transitional//EN"
    "http://www.w3.org/TR/xhtml1/DTD/xhtml1-transitional.dtd">
<html xmlns="http://www.w3.org/1999/xhtml" xml:lang="en" lang="en">
 <head>
  <title>
</title>
<meta http-equiv="Content-Type" content="text/html;charset=utf-8" />
  <meta name='ocr-system' content='tesseract 3.04.00' />
  <meta name='ocr-capabilities' content='ocr_page ocr_carea ocr_par ocr_line ocrx_word'/>
</head>
<body>
  <div class='ocr_page' id='page_1' title='image "annalesacademic19unkngoog_0166.png"; bbox 0 0 4942 6175; ppageno 0'>
   <div class='ocr_carea' id='block_1_1' title="bbox 1344 643 3268 718">
    <p class='ocr_par' dir='ltr' id='par_1_1' title="bbox 1344 643 3268 718">
     <span class='ocr_line' id='line_1_1' title="bbox 1344 643 3268 718; baseline -0.004 -2"><span class='ocrx_word' id='word_1_1' title='bbox 1344 652 1473 718; x_wconf 81' lang='lat'><strong>152</strong></span> <span class='ocrx_word' id='word_1_2' title='bbox 2481 643 3268 714; x_wconf 76' lang='lat' dir='ltr'><strong>F.z.ERuER1Ns</strong></span> 
     </span>
    </p>
   </div>
   <div class='ocr_carea' id='block_1_2' title="bbox 1329 850 4396 2272">
    <p class='ocr_par' dir='ltr' id='par_1_2' title="bbox 1329 850 4396 2272">
     <span class='ocr_line' id='line_1_2' title="bbox 1332 850 4396 958; baseline 0 -26"><span class='ocrx_word' id='word_1_3' title='bbox 1332 865 1807 958; x_wconf 87' lang='lat' dir='ltr'><strong>peccaverunt.</strong></span> <span class='ocrx_word' id='word_1_4' title='bbox 1944 854 2239 929; x_wconf 90' lang='lat' dir='ltr'><strong>Penuria</strong></span> <span class='ocrx_word' id='word_1_5' title='bbox 2330 861 2704 952; x_wconf 87' lang='lat' dir='ltr'><strong>apparatus</strong></span> <span class='ocrx_word' id='word_1_6' title='bbox 2789 851 3243 951; x_wconf 86' lang='lat' dir='ltr'><strong>therapeutici</strong></span> <span class='ocrx_word' id='word_1_7' title='bbox 3317 850 3406 926; x_wconf 86' lang='lat' dir='ltr'><strong>iis</strong></span> <span class='ocrx_word' id='word_1_8' title='bbox 3491 851 3950 950; x_wconf 87' lang='lat' dir='ltr'><strong>exprobratur</strong></span> <span class='ocrx_word' id='word_1_9' title='bbox 4029 878 4075 929; x_wconf 90' lang='lat' dir='ltr'><strong>a</strong></span> <span class='ocrx_word' id='word_1_10' title='bbox 4133 876 4396 954; x_wconf 86' lang='lat' dir='ltr'><strong>magno</strong></span> 
     </span>
     <span class='ocr_line' id='line_1_3' title="bbox 1336 969 4388 1074; baseline -0 -22"><span class='ocrx_word' id='word_1_11' title='bbox 1336 978 1603 1052; x_wconf 89' lang='lat' dir='ltr'><strong>medico</strong></span> <span class='ocrx_word' id='word_1_12' title='bbox 1662 977 1840 1052; x_wconf 81' lang='lat' dir='ltr'><strong>Coo:</strong></span> <span class='ocrx_word' id='word_1_13' title='bbox 1912 973 2281 1074; x_wconf 78' lang='lat' dir='ltr'><strong>purgantis</strong></span> <span class='ocrx_word' id='word_1_14' title='bbox 2357 981 2429 1048; x_wconf 88' lang='lat' dir='ltr'><strong>et</strong></span> <span class='ocrx_word' id='word_1_15' title='bbox 2486 997 2719 1048; x_wconf 87' lang='lat' dir='ltr'><strong>serum</strong></span> <span class='ocrx_word' id='word_1_16' title='bbox 2759 979 2833 1046; x_wconf 92' lang='lat' dir='ltr'><strong>et</strong></span> <span class='ocrx_word' id='word_1_17' title='bbox 2874 971 2979 1047; x_wconf 90' lang='lat' dir='ltr'><strong>lac</strong></span> <span class='ocrx_word' id='word_1_18' title='bbox 3045 971 3120 1046; x_wconf 90' lang='lat' dir='ltr'><strong>in</strong></span> <span class='ocrx_word' id='word_1_19' title='bbox 3165 969 3422 1046; x_wconf 79' lang='lat' dir='ltr'>morbis</span> <span class='ocrx_word' id='word_1_20' title='bbox 3467 971 3820 1048; x_wconf 88' lang='lat' dir='ltr'><strong>diuturnis</strong></span> <span class='ocrx_word' id='word_1_21' title='bbox 3873 971 4014 1048; x_wconf 83' lang='lat' dir='ltr'><strong>fere</strong></span> <span class='ocrx_word' id='word_1_22' title='bbox 4065 971 4388 1066; x_wconf 79' lang='lat' dir='ltr'><strong>fuerunt,</strong></span> 
     </span>
     <span class='ocr_line' id='line_1_4' title="bbox 1339 1090 4392 1198; baseline -0.001 -25"><span class='ocrx_word' id='word_1_23' title='bbox 1339 1123 1519 1198; x_wconf 90' lang='lat' dir='ltr'><strong>quae</strong></span> <span class='ocrx_word' id='word_1_24' title='bbox 1576 1095 2179 1182; x_wconf 86' lang='lat' dir='ltr'><strong>administrarent,</strong></span> <span class='ocrx_word' id='word_1_25' title='bbox 2229 1092 2573 1182; x_wconf 80' lang='lat' dir='ltr'><strong>remedia3</strong></span> <span class='ocrx_word' id='word_1_26' title='bbox 2628 1135 2712 1150; x_wconf 87' lang='lat'><em>-</em></span> <span class='ocrx_word' id='word_1_27' title='bbox 2771 1091 3182 1166; x_wconf 78' lang='lat' dir='ltr'><strong>recentiores</strong></span> <span class='ocrx_word' id='word_1_28' title='bbox 3217 1099 3450 1166; x_wconf 89' lang='lat' dir='ltr'><strong>tamen</strong></span> <span class='ocrx_word' id='word_1_29' title='bbox 3493 1090 3783 1168; x_wconf 82' lang='lat' dir='ltr'>Cnidios</span> <span class='ocrx_word' id='word_1_30' title='bbox 3821 1092 3896 1168; x_wconf 87' lang='lat' dir='ltr'><strong>in</strong></span> <span class='ocrx_word' id='word_1_31' title='bbox 3939 1092 4050 1166; x_wconf 83' lang='lat' dir='ltr'><strong>his</strong></span> <span class='ocrx_word' id='word_1_32' title='bbox 4109 1094 4392 1170; x_wconf 75' lang='lat' dir='ltr'><strong>meliora</strong></span> 
     </span>
     <span class='ocr_line' id='line_1_5' title="bbox 1338 1209 4388 1312; baseline 0 -22"><span class='ocrx_word' id='word_1_33' title='bbox 1338 1217 1589 1290; x_wconf 85' lang='lat' dir='ltr'><strong>vidisse</strong></span> <span class='ocrx_word' id='word_1_34' title='bbox 1634 1227 1705 1290; x_wconf 91' lang='lat' dir='ltr'><strong>et</strong></span> <span class='ocrx_word' id='word_1_35' title='bbox 1748 1214 2062 1290; x_wconf 80' lang='lat' dir='ltr'><strong>docuisse</strong></span> <span class='ocrx_word' id='word_1_36' title='bbox 2102 1212 2339 1288; x_wconf 85' lang='lat' dir='ltr'><strong>scribit</strong></span> <span class='ocrx_word' id='word_1_37' title='bbox 2388 1211 2872 1312; x_wconf 80' lang='lat' dir='ltr'><strong>Hippocrates.</strong></span> <span class='ocrx_word' id='word_1_38' title='bbox 2971 1209 3156 1286; x_wconf 79' lang='lat' dir='ltr'><strong>Tum</strong></span> <span class='ocrx_word' id='word_1_39' title='bbox 3201 1235 3358 1286; x_wconf 88' lang='lat' dir='ltr'><strong>vero</strong></span> <span class='ocrx_word' id='word_1_40' title='bbox 3397 1211 3684 1288; x_wconf 85' lang='lat' dir='ltr'><strong>minime</strong></span> <span class='ocrx_word' id='word_1_41' title='bbox 3725 1213 4082 1312; x_wconf 90' lang='lat' dir='ltr'><strong>probanda</strong></span> <span class='ocrx_word' id='word_1_42' title='bbox 4120 1213 4254 1288; x_wconf 83' lang='lat' dir='ltr'><strong>fuit</strong></span> <span class='ocrx_word' id='word_1_43' title='bbox 4265 1239 4388 1290; x_wconf 89' lang='lat' dir='ltr'><strong>cu-</strong></span> 
     </span>
     <span class='ocr_line' id='line_1_6' title="bbox 1332 1330 4390 1432; baseline -0.001 -20"><span class='ocrx_word' id='word_1_44' title='bbox 1332 1335 1615 1412; x_wconf 86' lang='lat' dir='ltr'><strong>rationis</strong></span> <span class='ocrx_word' id='word_1_45' title='bbox 1687 1335 1953 1410; x_wconf 87' lang='lat' dir='ltr'><strong>ruditas</strong></span> <span class='ocrx_word' id='word_1_46' title='bbox 1974 1391 1997 1422; x_wconf 96' lang='lat'><strong>,</strong></span> <span class='ocrx_word' id='word_1_47' title='bbox 2062 1357 2241 1432; x_wconf 91' lang='lat' dir='ltr'><strong>quae</strong></span> <span class='ocrx_word' id='word_1_48' title='bbox 2312 1357 2402 1406; x_wconf 83' lang='lat' dir='ltr'><strong>ex</strong></span> <span class='ocrx_word' id='word_1_49' title='bbox 2480 1330 3120 1430; x_wconf 85' lang='lat' dir='ltr'><strong>imprudentissimo</strong></span> <span class='ocrx_word' id='word_1_50' title='bbox 3172 1330 3692 1406; x_wconf 88' lang='lat' dir='ltr'><strong>vehementium</strong></span> <span class='ocrx_word' id='word_1_51' title='bbox 3743 1333 4210 1408; x_wconf 86' lang='lat' dir='ltr'><strong>remediorum</strong></span> <span class='ocrx_word' id='word_1_52' title='bbox 4258 1358 4390 1410; x_wconf 85' lang='lat' dir='ltr'><strong>usn</strong></span> 
     </span>
     <span class='ocr_line' id='line_1_7' title="bbox 1333 1451 4388 1554; baseline 0 -24"><span class='ocrx_word' id='word_1_53' title='bbox 1333 1455 1771 1554; x_wconf 84' lang='lat' dir='ltr'><strong>cognoscitur</strong></span> <span class='ocrx_word' id='word_1_54' title='bbox 1790 1513 1810 1544; x_wconf 99' lang='lat'><strong>,</strong></span> <span class='ocrx_word' id='word_1_55' title='bbox 1878 1455 2079 1529; x_wconf 90' lang='lat' dir='ltr'><strong>cuius</strong></span> <span class='ocrx_word' id='word_1_56' title='bbox 2140 1453 2480 1528; x_wconf 87' lang='lat' dir='ltr'><strong>horrenda</strong></span> <span class='ocrx_word' id='word_1_57' title='bbox 2535 1451 2744 1526; x_wconf 89' lang='lat' dir='ltr'><strong>etiam</strong></span> <span class='ocrx_word' id='word_1_58' title='bbox 2802 1451 3118 1550; x_wconf 86' lang='lat' dir='ltr'><strong>exempla</strong></span> <span class='ocrx_word' id='word_1_59' title='bbox 3173 1451 3248 1525; x_wconf 92' lang='lat' dir='ltr'><strong>in</strong></span> <span class='ocrx_word' id='word_1_60' title='bbox 3314 1451 3566 1527; x_wconf 88' lang='lat' dir='ltr'><strong>relictis</strong></span> <span class='ocrx_word' id='word_1_61' title='bbox 3639 1452 4039 1530; x_wconf 89' lang='lat' dir='ltr'><strong>morborum</strong></span> <span class='ocrx_word' id='word_1_62' title='bbox 4085 1452 4388 1530; x_wconf 81' lang='lat' dir='ltr'><strong>historiis</strong></span> 
     </span>
     <span class='ocr_line' id='line_1_8' title="bbox 1338 1570 4389 1674; baseline 0.001 -24"><span class='ocrx_word' id='word_1_63' title='bbox 1338 1585 1733 1674; x_wconf 84' lang='lat' dir='ltr'><strong>supersunt.</strong></span> <span class='ocrx_word' id='word_1_64' title='bbox 1787 1616 1881 1634; x_wconf 85' lang='lat'><strong>--</strong></span> <span class='ocrx_word' id='word_1_65' title='bbox 1930 1573 2241 1648; x_wconf 81' lang='lat' dir='ltr'><strong>Tandem</strong></span> <span class='ocrx_word' id='word_1_66' title='bbox 2264 1631 2285 1662; x_wconf 96' lang='lat'><strong>,</strong></span> <span class='ocrx_word' id='word_1_67' title='bbox 2338 1573 2530 1672; x_wconf 88' lang='lat' dir='ltr'><strong>quod</strong></span> <span class='ocrx_word' id='word_1_68' title='bbox 2563 1571 2794 1646; x_wconf 86' lang='lat' dir='ltr'><strong>nescio</strong></span> <span class='ocrx_word' id='word_1_69' title='bbox 2831 1595 2919 1646; x_wconf 92' lang='lat' dir='ltr'><strong>an</strong></span> <span class='ocrx_word' id='word_1_70' title='bbox 2960 1570 3052 1646; x_wconf 89' lang='lat' dir='ltr'><strong>sit</strong></span> <span class='ocrx_word' id='word_1_71' title='bbox 3089 1572 3402 1646; x_wconf 91' lang='lat' dir='ltr'><strong>omnium</strong></span> <span class='ocrx_word' id='word_1_72' title='bbox 3441 1572 3969 1670; x_wconf 86' lang='lat' dir='ltr'><strong>gravissimum,</strong></span> <span class='ocrx_word' id='word_1_73' title='bbox 4017 1573 4108 1648; x_wconf 86' lang='lat' dir='ltr'><strong>ad</strong></span> <span class='ocrx_word' id='word_1_74' title='bbox 4139 1599 4389 1674; x_wconf 86' lang='lat' dir='ltr'><strong>parum</strong></span> 
     </span>
     <span class='ocr_line' id='line_1_9' title="bbox 1336 1690 4385 1794; baseline 0 -24"><span class='ocrx_word' id='word_1_75' title='bbox 1336 1695 1511 1770; x_wconf 87' lang='lat' dir='ltr'><strong>fidas</strong></span> <span class='ocrx_word' id='word_1_76' title='bbox 1530 1754 1551 1783; x_wconf 94' lang='lat'><strong>,</strong></span> <span class='ocrx_word' id='word_1_77' title='bbox 1617 1719 1793 1794; x_wconf 87' lang='lat' dir='ltr'><strong>quas</strong></span> <span class='ocrx_word' id='word_1_78' title='bbox 1866 1693 2274 1774; x_wconf 83' lang='lat' dir='ltr'><strong>statuendas</strong></span> <span class='ocrx_word' id='word_1_79' title='bbox 2344 1690 2899 1780; x_wconf 80' lang='lat' dir='ltr'><strong>arbitrabantur,</strong></span> <span class='ocrx_word' id='word_1_80' title='bbox 2967 1691 3364 1767; x_wconf 87' lang='lat' dir='ltr'><strong>morborum</strong></span> <span class='ocrx_word' id='word_1_81' title='bbox 3420 1692 3682 1790; x_wconf 88' lang='lat' dir='ltr'><strong>species</strong></span> <span class='ocrx_word' id='word_1_82' title='bbox 3735 1699 3957 1768; x_wconf 84' lang='lat' dir='ltr'><strong>certas</strong></span> <span class='ocrx_word' id='word_1_83' title='bbox 4009 1694 4385 1794; x_wconf 85' lang='lat' dir='ltr'><strong>adscripse-</strong></span> 
     </span>
     <span class='ocr_line' id='line_1_10' title="bbox 1337 1811 4388 1912; baseline 0 -22"><span class='ocrx_word' id='word_1_84' title='bbox 1337 1825 1503 1890; x_wconf 90' lang='lat' dir='ltr'><strong>runt</strong></span> <span class='ocrx_word' id='word_1_85' title='bbox 1569 1814 1891 1890; x_wconf 90' lang='lat' dir='ltr'><strong>medendi</strong></span> <span class='ocrx_word' id='word_1_86' title='bbox 1937 1813 2237 1889; x_wconf 89' lang='lat' dir='ltr'><strong>rationes</strong></span> <span class='ocrx_word' id='word_1_87' title='bbox 2258 1871 2279 1902; x_wconf 96' lang='lat'><strong>,</strong></span> <span class='ocrx_word' id='word_1_88' title='bbox 2330 1837 2510 1912; x_wconf 90' lang='lat' dir='ltr'><strong>quae</strong></span> <span class='ocrx_word' id='word_1_89' title='bbox 2563 1836 2702 1887; x_wconf 93' lang='lat' dir='ltr'><strong>non</strong></span> <span class='ocrx_word' id='word_1_90' title='bbox 2747 1811 3428 1886; x_wconf 78' lang='lat' dir='ltr'><strong>accommodarentur</strong></span> <span class='ocrx_word' id='word_1_91' title='bbox 3477 1811 3568 1886; x_wconf 92' lang='lat' dir='ltr'><strong>ad</strong></span> <span class='ocrx_word' id='word_1_92' title='bbox 3609 1812 3838 1910; x_wconf 84' lang='lat' dir='ltr'><strong>aegri,</strong></span> <span class='ocrx_word' id='word_1_93' title='bbox 3890 1836 4100 1912; x_wconf 90' lang='lat' dir='ltr'><strong>quem</strong></span> <span class='ocrx_word' id='word_1_94' title='bbox 4143 1837 4388 1890; x_wconf 82' lang='lat' dir='ltr'><strong>curan·</strong></span> 
     </span>
     <span class='ocr_line' id='line_1_11' title="bbox 1336 1928 4390 2030; baseline 0 -20"><span class='ocrx_word' id='word_1_95' title='bbox 1336 1935 1512 2010; x_wconf 91' lang='lat' dir='ltr'><strong>dum</strong></span> <span class='ocrx_word' id='word_1_96' title='bbox 1592 1934 1983 2022; x_wconf 88' lang='lat' dir='ltr'><strong>habebant,</strong></span> <span class='ocrx_word' id='word_1_97' title='bbox 2032 1931 2499 2008; x_wconf 86' lang='lat' dir='ltr'><strong>conditionem</strong></span> <span class='ocrx_word' id='word_1_98' title='bbox 2522 1991 2544 2021; x_wconf 96' lang='lat'><strong>,</strong></span> <span class='ocrx_word' id='word_1_99' title='bbox 2595 1931 2718 2006; x_wconf 88' lang='lat' dir='ltr'><strong>sed</strong></span> <span class='ocrx_word' id='word_1_100' title='bbox 2775 1930 2866 2006; x_wconf 88' lang='lat' dir='ltr'><strong>ad</strong></span> <span class='ocrx_word' id='word_1_101' title='bbox 2921 1928 3276 2017; x_wconf 88' lang='lat' dir='ltr'><strong>morbum,</strong></span> <span class='ocrx_word' id='word_1_102' title='bbox 3327 1953 3451 2004; x_wconf 89' lang='lat' dir='ltr'><strong>seu</strong></span> <span class='ocrx_word' id='word_1_103' title='bbox 3493 1929 3726 2030; x_wconf 87' lang='lat' dir='ltr'><strong>potius</strong></span> <span class='ocrx_word' id='word_1_104' title='bbox 3777 1931 3870 2007; x_wconf 86' lang='lat' dir='ltr'><strong>ad</strong></span> <span class='ocrx_word' id='word_1_105' title='bbox 3911 1931 4154 2008; x_wconf 83' lang='lat' dir='ltr'><strong>falsam</strong></span> <span class='ocrx_word' id='word_1_106' title='bbox 4199 1934 4390 2011; x_wconf 87' lang='lat' dir='ltr'><strong>illam</strong></span> 
     </span>
     <span class='ocr_line' id='line_1_12' title="bbox 1333 2049 4390 2153; baseline 0.001 -25"><span class='ocrx_word' id='word_1_107' title='bbox 1333 2053 1557 2128; x_wconf 91' lang='lat' dir='ltr'><strong>morbi</strong></span> <span class='ocrx_word' id='word_1_108' title='bbox 1622 2053 1998 2153; x_wconf 84' lang='lat' dir='ltr'><strong>imaginem</strong></span> <span class='ocrx_word' id='word_1_109' title='bbox 2020 2112 2042 2142; x_wconf 96' lang='lat'><strong>,</strong></span> <span class='ocrx_word' id='word_1_110' title='bbox 2115 2076 2330 2152; x_wconf 90' lang='lat' dir='ltr'><strong>quam</strong></span> <span class='ocrx_word' id='word_1_111' title='bbox 2400 2059 2634 2127; x_wconf 89' lang='lat' dir='ltr'><strong>mente</strong></span> <span class='ocrx_word' id='word_1_112' title='bbox 2701 2049 2836 2125; x_wconf 88' lang='lat' dir='ltr'><strong>sibi</strong></span> <span class='ocrx_word' id='word_1_113' title='bbox 2899 2049 3458 2125; x_wconf 83' lang='lat' dir='ltr'><strong>informaverant.</strong></span> <span class='ocrx_word' id='word_1_114' title='bbox 3581 2051 3740 2126; x_wconf 90' lang='lat' dir='ltr'><strong>Hoc</strong></span> <span class='ocrx_word' id='word_1_115' title='bbox 3813 2053 4099 2150; x_wconf 85' lang='lat' dir='ltr'><strong>quidem</strong></span> <span class='ocrx_word' id='word_1_116' title='bbox 4146 2053 4390 2130; x_wconf 90' lang='lat' dir='ltr'><strong>vitium</strong></span> 
     </span>
     <span class='ocr_line' id='line_1_13' title="bbox 1329 2169 4389 2272; baseline 0.001 -24"><span class='ocrx_word' id='word_1_117' title='bbox 1329 2180 1475 2248; x_wconf 86' lang='lat' dir='ltr'><strong>erat</strong></span> <span class='ocrx_word' id='word_1_118' title='bbox 1536 2173 1849 2248; x_wconf 89' lang='lat' dir='ltr'><strong>methodi</strong></span> <span class='ocrx_word' id='word_1_119' title='bbox 1908 2173 2058 2248; x_wconf 88' lang='lat' dir='ltr'><strong>eius</strong></span> <span class='ocrx_word' id='word_1_120' title='bbox 2119 2172 2427 2271; x_wconf 89' lang='lat' dir='ltr'><strong>generis,</strong></span> <span class='ocrx_word' id='word_1_121' title='bbox 2504 2181 2581 2247; x_wconf 93' lang='lat' dir='ltr'><strong>ut</strong></span> <span class='ocrx_word' id='word_1_122' title='bbox 2645 2171 2812 2246; x_wconf 90' lang='lat' dir='ltr'><strong>artis</strong></span> <span class='ocrx_word' id='word_1_123' title='bbox 2880 2169 3255 2246; x_wconf 89' lang='lat' dir='ltr'><strong>evolutioni</strong></span> <span class='ocrx_word' id='word_1_124' title='bbox 3325 2169 3826 2270; x_wconf 89' lang='lat' dir='ltr'><strong>impedimento</strong></span> <span class='ocrx_word' id='word_1_125' title='bbox 3889 2181 4112 2263; x_wconf 85' lang='lat' dir='ltr'><strong>esset,</strong></span> <span class='ocrx_word' id='word_1_126' title='bbox 4179 2199 4389 2272; x_wconf 77' lang='lat' dir='ltr'><strong>quare</strong></span> 
     </span>
    </p>
   </div>
   <div class='ocr_carea' id='block_1_3' title="bbox 1332 2292 4385 2504">
    <p class='ocr_par' dir='ltr' id='par_1_3' title="bbox 1332 2292 4385 2504">
     <span class='ocr_line' id='line_1_14' title="bbox 1332 2292 2658 2392; baseline -0.002 -24"><span class='ocrx_word' id='word_1_127' title='bbox 1332 2293 1507 2368; x_wconf 90' lang='lat' dir='ltr'><strong>mihi</strong></span> <span class='ocrx_word' id='word_1_128' title='bbox 1559 2293 1806 2367; x_wconf 87' lang='lat' dir='ltr'><strong>ceteris</strong></span> <span class='ocrx_word' id='word_1_129' title='bbox 1851 2293 2129 2392; x_wconf 87' lang='lat' dir='ltr'><strong>gravius</strong></span> <span class='ocrx_word' id='word_1_130' title='bbox 2172 2318 2322 2368; x_wconf 85' lang='lat' dir='ltr'><strong>esse</strong></span> <span class='ocrx_word' id='word_1_131' title='bbox 2370 2292 2658 2366; x_wconf 88' lang='lat' dir='ltr'><strong>videtur.</strong></span> 
     </span>
     <span class='ocr_line' id='line_1_15' title="bbox 1428 2409 4385 2504; baseline 0.001 -18"><span class='ocrx_word' id='word_1_132' title='bbox 1428 2411 1626 2487; x_wconf 90' lang='lat' dir='ltr'><strong>Haec</strong></span> <span class='ocrx_word' id='word_1_133' title='bbox 1678 2412 1765 2486; x_wconf 92' lang='lat' dir='ltr'><strong>de</strong></span> <span class='ocrx_word' id='word_1_134' title='bbox 1814 2413 2045 2487; x_wconf 83' lang='lat' dir='ltr'><strong>schola</strong></span> <span class='ocrx_word' id='word_1_135' title='bbox 2096 2412 2384 2502; x_wconf 73' lang='lat' dir='ltr'><strong>Cnidia,</strong></span> <span class='ocrx_word' id='word_1_136' title='bbox 2433 2418 2755 2488; x_wconf 87' lang='lat' dir='ltr'><strong>converto</strong></span> <span class='ocrx_word' id='word_1_137' title='bbox 2801 2435 2915 2485; x_wconf 86' lang='lat' dir='ltr'><strong>me</strong></span> <span class='ocrx_word' id='word_1_138' title='bbox 2963 2411 3056 2485; x_wconf 91' lang='lat' dir='ltr'><strong>ad</strong></span> <span class='ocrx_word' id='word_1_139' title='bbox 3101 2409 3320 2484; x_wconf 88' lang='lat' dir='ltr'><strong>Coam</strong></span> <span class='ocrx_word' id='word_1_140' title='bbox 3371 2419 3442 2484; x_wconf 92' lang='lat' dir='ltr'><strong>et</strong></span> <span class='ocrx_word' id='word_1_141' title='bbox 3489 2409 3580 2484; x_wconf 89' lang='lat' dir='ltr'><strong>ad</strong></span> <span class='ocrx_word' id='word_1_142' title='bbox 3623 2409 3890 2486; x_wconf 88' lang='lat' dir='ltr'><strong>illustre</strong></span> <span class='ocrx_word' id='word_1_143' title='bbox 3939 2411 4152 2487; x_wconf 88' lang='lat' dir='ltr'><strong>decus</strong></span> <span class='ocrx_word' id='word_1_144' title='bbox 4189 2413 4340 2488; x_wconf 87' lang='lat' dir='ltr'><strong>eius</strong></span> <span class='ocrx_word' id='word_1_145' title='bbox 4365 2471 4385 2504; x_wconf 97' lang='lat'><strong>,</strong></span> 
     </span>
    </p>
   </div>
   <div class='ocr_carea' id='block_1_4' title="bbox 1326 2528 4392 4911">
    <p class='ocr_par' dir='ltr' id='par_1_4' title="bbox 1326 2528 4392 4911">
     <span class='ocr_line' id='line_1_16' title="bbox 1338 2528 4388 2632; baseline 0.001 -26"><span class='ocrx_word' id='word_1_146' title='bbox 1338 2532 1861 2632; x_wconf 88' lang='lat' dir='ltr'><strong>Hippocratem.</strong></span> <span class='ocrx_word' id='word_1_147' title='bbox 1960 2535 2054 2608; x_wconf 90' lang='lat' dir='ltr'><strong>Et</strong></span> <span class='ocrx_word' id='word_1_148' title='bbox 2121 2533 2233 2608; x_wconf 89' lang='lat' dir='ltr'><strong>hic</strong></span> <span class='ocrx_word' id='word_1_149' title='bbox 2306 2533 2593 2632; x_wconf 91' lang='lat' dir='ltr'><strong>quidem</strong></span> <span class='ocrx_word' id='word_1_150' title='bbox 2659 2531 2892 2608; x_wconf 87' lang='lat' dir='ltr'><strong>statim</strong></span> <span class='ocrx_word' id='word_1_151' title='bbox 2947 2555 3021 2605; x_wconf 89' lang='lat' dir='ltr'><strong>se</strong></span> <span class='ocrx_word' id='word_1_152' title='bbox 3073 2528 3274 2606; x_wconf 90' lang='lat' dir='ltr'><strong>nobis</strong></span> <span class='ocrx_word' id='word_1_153' title='bbox 3327 2528 3553 2604; x_wconf 90' lang='lat' dir='ltr'><strong>obfert</strong></span> <span class='ocrx_word' id='word_1_154' title='bbox 3609 2531 4038 2629; x_wconf 84' lang='lat' dir='ltr'><strong>praeclarum</strong></span> <span class='ocrx_word' id='word_1_155' title='bbox 4089 2557 4182 2609; x_wconf 83' lang='lat' dir='ltr'><strong>ex</strong></span> <span class='ocrx_word' id='word_1_156' title='bbox 4223 2534 4388 2610; x_wconf 87' lang='lat' dir='ltr'><strong>orbe</strong></span> 
     </span>
     <span class='ocr_line' id='line_1_17' title="bbox 1335 2648 4390 2752; baseline -0.001 -22"><span class='ocrx_word' id='word_1_157' title='bbox 1335 2652 1625 2750; x_wconf 89' lang='lat' dir='ltr'><strong>antiquo</strong></span> <span class='ocrx_word' id='word_1_158' title='bbox 1695 2653 1967 2728; x_wconf 86' lang='lat' dir='ltr'><strong>virtutis</strong></span> <span class='ocrx_word' id='word_1_159' title='bbox 2028 2662 2099 2727; x_wconf 91' lang='lat' dir='ltr'><strong>et</strong></span> <span class='ocrx_word' id='word_1_160' title='bbox 2169 2652 2534 2751; x_wconf 85' lang='lat' dir='ltr'><strong>probitatis</strong></span> <span class='ocrx_word' id='word_1_161' title='bbox 2587 2658 3124 2726; x_wconf 87' lang='lat' dir='ltr'><strong>monumentum</strong></span> <span class='ocrx_word' id='word_1_162' title='bbox 3177 2649 3249 2724; x_wconf 90' lang='lat' dir='ltr'><strong>in</strong></span> <span class='ocrx_word' id='word_1_163' title='bbox 3299 2648 3594 2726; x_wconf 83' lang='lat' dir='ltr'><strong>formula</strong></span> <span class='ocrx_word' id='word_1_164' title='bbox 3653 2651 4124 2750; x_wconf 87' lang='lat' dir='ltr'><strong>promissionis</strong></span> <span class='ocrx_word' id='word_1_165' title='bbox 4141 2709 4163 2742; x_wconf 95' lang='lat'><strong>,</strong></span> <span class='ocrx_word' id='word_1_166' title='bbox 4213 2677 4390 2752; x_wconf 86' lang='lat' dir='ltr'><strong>quae</strong></span> 
     </span>
     <span class='ocr_line' id='line_1_18' title="bbox 1336 2769 4392 2872; baseline 0 -26"><span class='ocrx_word' id='word_1_167' title='bbox 1336 2772 1543 2871; x_wconf 91' lang='lat' dir='ltr'><strong>vulgo</strong></span> <span class='ocrx_word' id='word_1_168' title='bbox 1592 2771 2035 2872; x_wconf 75' lang='lat' dir='ltr'><strong>Hippocratis</strong></span> <span class='ocrx_word' id='word_1_169' title='bbox 2076 2771 2189 2846; x_wconf 75' lang='lat' dir='ltr'><strong>ius</strong></span> <span class='ocrx_word' id='word_1_170' title='bbox 2238 2771 2617 2846; x_wconf 89' lang='lat' dir='ltr'><strong>iurandum</strong></span> <span class='ocrx_word' id='word_1_171' title='bbox 2661 2770 2876 2845; x_wconf 90' lang='lat' dir='ltr'><strong>audit.</strong></span> <span class='ocrx_word' id='word_1_172' title='bbox 2979 2770 3378 2844; x_wconf 87' lang='lat' dir='ltr'><strong>Formulam</strong></span> <span class='ocrx_word' id='word_1_173' title='bbox 3435 2769 3625 2846; x_wconf 91' lang='lat' dir='ltr'><strong>illam</strong></span> <span class='ocrx_word' id='word_1_174' title='bbox 3673 2795 3824 2846; x_wconf 84' lang='lat' dir='ltr'><strong>esse</strong></span> <span class='ocrx_word' id='word_1_175' title='bbox 3873 2771 4232 2871; x_wconf 83' lang='lat' dir='ltr'><strong>antiquam</strong></span> <span class='ocrx_word' id='word_1_176' title='bbox 4289 2771 4392 2848; x_wconf 89' lang='lat' dir='ltr'><strong>vel</strong></span> 
     </span>
     <span class='ocr_line' id='line_1_19' title="bbox 1332 2877 4389 2992; baseline -0 -22"><span class='ocrx_word' id='word_1_177' title='bbox 1332 2892 1551 2970; x_wconf 87' lang='lat' dir='ltr'><strong>oratio</strong></span> <span class='ocrx_word' id='word_1_178' title='bbox 1570 2950 1591 2981; x_wconf 97' lang='lat'><strong>,</strong></span> <span class='ocrx_word' id='word_1_179' title='bbox 1655 2877 1797 2992; x_wconf 85' lang='lat' dir='ltr'><strong>qua</strong></span> <span class='ocrx_word' id='word_1_180' title='bbox 1858 2917 2181 2992; x_wconf 86' lang='lat' dir='ltr'><strong>expressa</strong></span> <span class='ocrx_word' id='word_1_181' title='bbox 2230 2900 2336 2966; x_wconf 89' lang='lat' dir='ltr'><strong>est</strong></span> <span class='ocrx_word' id='word_1_182' title='bbox 2356 2949 2377 2980; x_wconf 97' lang='lat'><strong>,</strong></span> <span class='ocrx_word' id='word_1_183' title='bbox 2442 2889 2772 2966; x_wconf 87' lang='lat' dir='ltr'><strong>ostendit.</strong></span> <span class='ocrx_word' id='word_1_184' title='bbox 2878 2890 3140 2964; x_wconf 91' lang='lat' dir='ltr'><strong>Datum</strong></span> <span class='ocrx_word' id='word_1_185' title='bbox 3217 2913 3368 2964; x_wconf 87' lang='lat' dir='ltr'><strong>esse</strong></span> <span class='ocrx_word' id='word_1_186' title='bbox 3411 2889 3576 2966; x_wconf 89' lang='lat' dir='ltr'><strong>olim</strong></span> <span class='ocrx_word' id='word_1_187' title='bbox 3627 2889 3756 2966; x_wconf 89' lang='lat' dir='ltr'><strong>hoc</strong></span> <span class='ocrx_word' id='word_1_188' title='bbox 3799 2891 4280 2968; x_wconf 87' lang='lat' dir='ltr'><strong>iusiurandum</strong></span> <span class='ocrx_word' id='word_1_189' title='bbox 4343 2918 4389 2969; x_wconf 90' lang='lat' dir='ltr'><strong>a</strong></span> 
     </span>
     <span class='ocr_line' id='line_1_20' title="bbox 1334 3009 4390 3111; baseline 0 -24"><span class='ocrx_word' id='word_1_190' title='bbox 1334 3010 1673 3089; x_wconf 88' lang='lat' dir='ltr'><strong>tironibus</strong></span> <span class='ocrx_word' id='word_1_191' title='bbox 1694 3071 1716 3102; x_wconf 96' lang='lat'><strong>,</strong></span> <span class='ocrx_word' id='word_1_192' title='bbox 1779 3012 1901 3111; x_wconf 89' lang='lat' dir='ltr'><strong>qui</strong></span> <span class='ocrx_word' id='word_1_193' title='bbox 1956 3012 2031 3087; x_wconf 90' lang='lat' dir='ltr'><strong>in</strong></span> <span class='ocrx_word' id='word_1_194' title='bbox 2086 3010 2515 3088; x_wconf 89' lang='lat' dir='ltr'><strong>medicorum</strong></span> <span class='ocrx_word' id='word_1_195' title='bbox 2572 3009 2970 3087; x_wconf 87' lang='lat' dir='ltr'><strong>societatem</strong></span> <span class='ocrx_word' id='word_1_196' title='bbox 3023 3009 3235 3109; x_wconf 90' lang='lat' dir='ltr'><strong>recipi</strong></span> <span class='ocrx_word' id='word_1_197' title='bbox 3291 3009 3581 3100; x_wconf 90' lang='lat' dir='ltr'><strong>vellent,</strong></span> <span class='ocrx_word' id='word_1_198' title='bbox 3633 3019 3925 3088; x_wconf 86' lang='lat' dir='ltr'><strong>constat.</strong></span> <span class='ocrx_word' id='word_1_199' title='bbox 4026 3011 4390 3090; x_wconf 87' lang='lat' dir='ltr'><strong>Probabile</strong></span> 
     </span>
     <span class='ocr_line' id='line_1_21' title="bbox 1331 3129 4390 3233; baseline 0.001 -27"><span class='ocrx_word' id='word_1_200' title='bbox 1331 3141 1444 3207; x_wconf 90' lang='lat' dir='ltr'><strong>est</strong></span> <span class='ocrx_word' id='word_1_201' title='bbox 1509 3133 1659 3208; x_wconf 90' lang='lat' dir='ltr'><strong>eius</strong></span> <span class='ocrx_word' id='word_1_202' title='bbox 1716 3132 2083 3208; x_wconf 88' lang='lat' dir='ltr'><strong>formulam</strong></span> <span class='ocrx_word' id='word_1_203' title='bbox 2126 3133 2315 3233; x_wconf 91' lang='lat' dir='ltr'><strong>apud</strong></span> <span class='ocrx_word' id='word_1_204' title='bbox 2364 3131 2819 3231; x_wconf 80' lang='lat' dir='ltr'><strong>Asclepiades</strong></span> <span class='ocrx_word' id='word_1_205' title='bbox 2867 3130 3048 3205; x_wconf 86' lang='lat' dir='ltr'><strong>Coos</strong></span> <span class='ocrx_word' id='word_1_206' title='bbox 3095 3130 3168 3204; x_wconf 92' lang='lat' dir='ltr'><strong>in</strong></span> <span class='ocrx_word' id='word_1_207' title='bbox 3219 3155 3352 3204; x_wconf 88' lang='lat' dir='ltr'><strong>usu</strong></span> <span class='ocrx_word' id='word_1_208' title='bbox 3402 3129 3640 3207; x_wconf 86' lang='lat' dir='ltr'><strong>fuisse.</strong></span> <span class='ocrx_word' id='word_1_209' title='bbox 3741 3132 4030 3207; x_wconf 87' lang='lat' dir='ltr'><strong>Certum</strong></span> <span class='ocrx_word' id='word_1_210' title='bbox 4077 3141 4183 3209; x_wconf 88' lang='lat' dir='ltr'><strong>est</strong></span> <span class='ocrx_word' id='word_1_211' title='bbox 4233 3158 4390 3210; x_wconf 88' lang='lat' dir='ltr'><strong>eam</strong></span> 
     </span>
     <span class='ocr_line' id='line_1_22' title="bbox 1330 3249 4388 3352; baseline 0.002 -27"><span class='ocrx_word' id='word_1_212' title='bbox 1330 3252 1466 3326; x_wconf 89' lang='lat' dir='ltr'><strong>nisi</strong></span> <span class='ocrx_word' id='word_1_213' title='bbox 1526 3253 1717 3351; x_wconf 89' lang='lat' dir='ltr'><strong>apud</strong></span> <span class='ocrx_word' id='word_1_214' title='bbox 1778 3252 2081 3327; x_wconf 87' lang='lat' dir='ltr'><strong>medicos</strong></span> <span class='ocrx_word' id='word_1_215' title='bbox 2151 3251 2486 3352; x_wconf 87' lang='lat' dir='ltr'><strong>practicos</strong></span> <span class='ocrx_word' id='word_1_216' title='bbox 2539 3251 2960 3350; x_wconf 89' lang='lat' dir='ltr'><strong>eosdemque</strong></span> <span class='ocrx_word' id='word_1_217' title='bbox 3015 3274 3285 3325; x_wconf 90' lang='lat' dir='ltr'><strong>morum</strong></span> <span class='ocrx_word' id='word_1_218' title='bbox 3329 3249 3973 3349; x_wconf 85' lang='lat' dir='ltr'><strong>probatissimorum</strong></span> <span class='ocrx_word' id='word_1_219' title='bbox 4029 3254 4216 3329; x_wconf 86' lang='lat' dir='ltr'><strong>nasei</strong></span> <span class='ocrx_word' id='word_1_220' title='bbox 4247 3278 4388 3330; x_wconf 89' lang='lat' dir='ltr'><strong>non</strong></span> 
     </span>
     <span class='ocr_line' id='line_1_23' title="bbox 1330 3370 4388 3473; baseline 0.001 -28"><span class='ocrx_word' id='word_1_221' title='bbox 1330 3371 1639 3473; x_wconf 88' lang='lat' dir='ltr'><strong>potuisse</strong></span> <span class='ocrx_word' id='word_1_222' title='bbox 1658 3429 1679 3460; x_wconf 96' lang='lat'><strong>,</strong></span> <span class='ocrx_word' id='word_1_223' title='bbox 1752 3396 1879 3447; x_wconf 89' lang='lat' dir='ltr'><strong>nec</strong></span> <span class='ocrx_word' id='word_1_224' title='bbox 1952 3372 2089 3447; x_wconf 89' lang='lat' dir='ltr'><strong>nisi</strong></span> <span class='ocrx_word' id='word_1_225' title='bbox 2166 3372 2356 3473; x_wconf 89' lang='lat' dir='ltr'><strong>apud</strong></span> <span class='ocrx_word' id='word_1_226' title='bbox 2413 3396 2532 3445; x_wconf 88' lang='lat' dir='ltr'><strong>eos</strong></span> <span class='ocrx_word' id='word_1_227' title='bbox 2553 3428 2574 3459; x_wconf 97' lang='lat'><strong>,</strong></span> <span class='ocrx_word' id='word_1_228' title='bbox 2641 3371 2766 3470; x_wconf 92' lang='lat' dir='ltr'><strong>qui</strong></span> <span class='ocrx_word' id='word_1_229' title='bbox 2835 3370 3050 3471; x_wconf 88' lang='lat' dir='ltr'><strong>probe</strong></span> <span class='ocrx_word' id='word_1_230' title='bbox 3114 3378 3396 3447; x_wconf 86' lang='lat' dir='ltr'><strong>nossent</strong></span> <span class='ocrx_word' id='word_1_231' title='bbox 3450 3377 3623 3467; x_wconf 91' lang='lat' dir='ltr'><strong>quot</strong></span> <span class='ocrx_word' id='word_1_232' title='bbox 3677 3382 3754 3447; x_wconf 82' lang='lat' dir='ltr'><strong>&#39;et</strong></span> <span class='ocrx_word' id='word_1_233' title='bbox 3811 3379 4110 3471; x_wconf 87' lang='lat' dir='ltr'><strong>quantae</strong></span> <span class='ocrx_word' id='word_1_234' title='bbox 4161 3398 4270 3449; x_wconf 87' lang='lat' dir='ltr'><strong>res</strong></span> <span class='ocrx_word' id='word_1_235' title='bbox 4315 3373 4388 3449; x_wconf 89' lang='lat' dir='ltr'><strong>in</strong></span> 
     </span>
     <span class='ocr_line' id='line_1_24' title="bbox 1334 3489 4387 3590; baseline 0.001 -25"><span class='ocrx_word' id='word_1_236' title='bbox 1334 3491 1475 3567; x_wconf 87' lang='lat' dir='ltr'><strong>vita</strong></span> <span class='ocrx_word' id='word_1_237' title='bbox 1532 3489 1789 3565; x_wconf 89' lang='lat' dir='ltr'><strong>civium</strong></span> <span class='ocrx_word' id='word_1_238' title='bbox 1851 3492 2115 3590; x_wconf 88' lang='lat' dir='ltr'><strong>privata</strong></span> <span class='ocrx_word' id='word_1_239' title='bbox 2166 3491 2419 3567; x_wconf 84' lang='lat' dir='ltr'><strong>medici</strong></span> <span class='ocrx_word' id='word_1_240' title='bbox 2464 3489 2631 3566; x_wconf 84' lang='lat' dir='ltr'><strong>fidei</strong></span> <span class='ocrx_word' id='word_1_241' title='bbox 2675 3492 3241 3581; x_wconf 82' lang='lat' dir='ltr'><strong>committantur,</strong></span> <span class='ocrx_word' id='word_1_242' title='bbox 3305 3490 3553 3589; x_wconf 90' lang='lat' dir='ltr'><strong>quanti</strong></span> <span class='ocrx_word' id='word_1_243' title='bbox 3597 3490 3894 3567; x_wconf 85' lang='lat' dir='ltr'><strong>civitatis</strong></span> <span class='ocrx_word' id='word_1_244' title='bbox 3945 3492 4255 3583; x_wconf 87' lang='lat' dir='ltr'><strong>intersit,</strong></span> <span class='ocrx_word' id='word_1_245' title='bbox 4307 3504 4387 3568; x_wconf 91' lang='lat' dir='ltr'><strong>ut</strong></span> 
     </span>
     <span class='ocr_line' id='line_1_25' title="bbox 1332 3609 4383 3712; baseline 0.001 -28"><span class='ocrx_word' id='word_1_246' title='bbox 1332 3635 1420 3685; x_wconf 91' lang='lat' dir='ltr'><strong>ne</strong></span> <span class='ocrx_word' id='word_1_247' title='bbox 1495 3610 1792 3699; x_wconf 90' lang='lat' dir='ltr'><strong>fiducia,</strong></span> <span class='ocrx_word' id='word_1_248' title='bbox 1864 3636 2044 3710; x_wconf 87' lang='lat' dir='ltr'><strong>quae</strong></span> <span class='ocrx_word' id='word_1_249' title='bbox 2102 3612 2175 3685; x_wconf 90' lang='lat' dir='ltr'><strong>in</strong></span> <span class='ocrx_word' id='word_1_250' title='bbox 2238 3612 2391 3711; x_wconf 87' lang='lat' dir='ltr'><strong>ipso</strong></span> <span class='ocrx_word' id='word_1_251' title='bbox 2446 3609 2784 3712; x_wconf 83' lang='lat' dir='ltr'><strong>ponatur,</strong></span> <span class='ocrx_word' id='word_1_252' title='bbox 2852 3612 3166 3687; x_wconf 91' lang='lat' dir='ltr'><strong>medicus</strong></span> <span class='ocrx_word' id='word_1_253' title='bbox 3217 3609 3568 3687; x_wconf 82' lang='lat' dir='ltr'><strong>abutatur.</strong></span> <span class='ocrx_word' id='word_1_254' title='bbox 3670 3610 3866 3690; x_wconf 87' lang='lat' dir='ltr'><strong>Quid</strong></span> <span class='ocrx_word' id='word_1_255' title='bbox 3929 3612 4148 3711; x_wconf 88' lang='lat' dir='ltr'><strong>igitur</strong></span> <span class='ocrx_word' id='word_1_256' title='bbox 4214 3612 4383 3703; x_wconf 82' lang='lat' dir='ltr'><strong>fuit,</strong></span> 
     </span>
     <span class='ocr_line' id='line_1_26' title="bbox 1336 3728 4386 3832; baseline 0.001 -26"><span class='ocrx_word' id='word_1_257' title='bbox 1336 3731 1529 3830; x_wconf 93' lang='lat' dir='ltr'><strong>quod</strong></span> <span class='ocrx_word' id='word_1_258' title='bbox 1594 3730 2017 3831; x_wconf 88' lang='lat' dir='ltr'><strong>sponderent</strong></span> <span class='ocrx_word' id='word_1_259' title='bbox 2084 3738 2348 3807; x_wconf 84' lang='lat' dir='ltr'><strong>veteres</strong></span> <span class='ocrx_word' id='word_1_260' title='bbox 2419 3730 2522 3807; x_wconf 89' lang='lat' dir='ltr'><strong>illi</strong></span> <span class='ocrx_word' id='word_1_261' title='bbox 2579 3730 2837 3807; x_wconf 86' lang='lat' dir='ltr'><strong>medici</strong></span> <span class='ocrx_word' id='word_1_262' title='bbox 2885 3730 3104 3807; x_wconf 79' lang='lat' dir='ltr'><strong>futuri</strong></span> <span class='ocrx_word' id='word_1_263' title='bbox 3123 3732 3159 3806; x_wconf 79' lang='grc' dir='ltr'><strong>Ρ</strong></span> <span class='ocrx_word' id='word_1_264' title='bbox 3226 3728 3736 3805; x_wconf 84' lang='lat' dir='ltr'><strong>Promittebant</strong></span> <span class='ocrx_word' id='word_1_265' title='bbox 3789 3756 3864 3807; x_wconf 87' lang='lat' dir='ltr'><strong>se</strong></span> <span class='ocrx_word' id='word_1_266' title='bbox 3915 3739 4386 3832; x_wconf 81' lang='lat' dir='ltr'><strong>praeceptores</strong></span> 
     </span>
     <span class='ocr_line' id='line_1_27' title="bbox 1344 3849 4386 3951; baseline 0 -24"><span class='ocrx_word' id='word_1_267' title='bbox 1344 3875 1507 3927; x_wconf 90' lang='lat' dir='ltr'><strong>suos</strong></span> <span class='ocrx_word' id='word_1_268' title='bbox 1574 3858 1943 3950; x_wconf 88' lang='lat' dir='ltr'><strong>parentum</strong></span> <span class='ocrx_word' id='word_1_269' title='bbox 2008 3852 2155 3927; x_wconf 89' lang='lat' dir='ltr'><strong>loco</strong></span> <span class='ocrx_word' id='word_1_270' title='bbox 2232 3877 2383 3927; x_wconf 89' lang='lat' dir='ltr'><strong>esse</strong></span> <span class='ocrx_word' id='word_1_271' title='bbox 2450 3851 2850 3941; x_wconf 85' lang='lat' dir='ltr'><strong>habituros,</strong></span> <span class='ocrx_word' id='word_1_272' title='bbox 2898 3852 3229 3951; x_wconf 90' lang='lat' dir='ltr'><strong>omnique</strong></span> <span class='ocrx_word' id='word_1_273' title='bbox 3271 3876 3346 3927; x_wconf 88' lang='lat' dir='ltr'><strong>re</strong></span> <span class='ocrx_word' id='word_1_274' title='bbox 3365 3908 3386 3939; x_wconf 96' lang='lat'><strong>,</strong></span> <span class='ocrx_word' id='word_1_275' title='bbox 3438 3874 3576 3950; x_wconf 89' lang='lat' dir='ltr'><strong>qua</strong></span> <span class='ocrx_word' id='word_1_276' title='bbox 3629 3849 4062 3949; x_wconf 89' lang='lat' dir='ltr'><strong>indigerent,</strong></span> <span class='ocrx_word' id='word_1_277' title='bbox 4111 3851 4386 3927; x_wconf 87' lang='lat' dir='ltr'><strong>adiutu-</strong></span> 
     </span>
     <span class='ocr_line' id='line_1_28' title="bbox 1348 3969 4386 4070; baseline 0.001 -26"><span class='ocrx_word' id='word_1_278' title='bbox 1348 3995 1502 4058; x_wconf 89' lang='lat' dir='ltr'><strong>ros;</strong></span> <span class='ocrx_word' id='word_1_279' title='bbox 1553 3978 2077 4069; x_wconf 87' lang='lat' dir='ltr'><strong>praeceptorum</strong></span> <span class='ocrx_word' id='word_1_280' title='bbox 2132 3972 2423 4070; x_wconf 89' lang='lat' dir='ltr'><strong>posteris</strong></span> <span class='ocrx_word' id='word_1_281' title='bbox 2471 3996 2546 4047; x_wconf 90' lang='lat' dir='ltr'><strong>se</strong></span> <span class='ocrx_word' id='word_1_282' title='bbox 2615 3979 2836 4047; x_wconf 87' lang='lat' dir='ltr'><strong>artem</strong></span> <span class='ocrx_word' id='word_1_283' title='bbox 2883 3996 3036 4047; x_wconf 86' lang='lat' dir='ltr'><strong>esse</strong></span> <span class='ocrx_word' id='word_1_284' title='bbox 3095 3969 3467 4047; x_wconf 88' lang='lat' dir='ltr'><strong>tradituros</strong></span> <span class='ocrx_word' id='word_1_285' title='bbox 3515 3971 3780 4053; x_wconf 89' lang='lat' dir='ltr'><strong>nnllam</strong></span> <span class='ocrx_word' id='word_1_286' title='bbox 3829 3970 4216 4047; x_wconf 90' lang='lat' dir='ltr'><strong>mercedem</strong></span> <span class='ocrx_word' id='word_1_287' title='bbox 4265 3995 4386 4070; x_wconf 87' lang='lat' dir='ltr'><strong>pa-</strong></span> 
     </span>
     <span class='ocr_line' id='line_1_29' title="bbox 1334 4088 4386 4191; baseline -0 -25"><span class='ocrx_word' id='word_1_288' title='bbox 1334 4098 1522 4180; x_wconf 87' lang='lat' dir='ltr'><strong>ctos;</strong></span> <span class='ocrx_word' id='word_1_289' title='bbox 1570 4132 1664 4145; x_wconf 88' lang='lat'><strong>—-</strong></span> <span class='ocrx_word' id='word_1_290' title='bbox 1706 4113 1832 4189; x_wconf 92' lang='lat' dir='ltr'><strong>pro</strong></span> <span class='ocrx_word' id='word_1_291' title='bbox 1874 4088 2201 4166; x_wconf 85' lang='lat' dir='ltr'><strong>facultate</strong></span> <span class='ocrx_word' id='word_1_292' title='bbox 2232 4116 2357 4166; x_wconf 89' lang='lat' dir='ltr'><strong>sua</strong></span> <span class='ocrx_word' id='word_1_293' title='bbox 2401 4090 2700 4167; x_wconf 84' lang='lat' dir='ltr'><strong>diaetam</strong></span> <span class='ocrx_word' id='word_1_294' title='bbox 2725 4148 2746 4179; x_wconf 95' lang='lat'><strong>,</strong></span> <span class='ocrx_word' id='word_1_295' title='bbox 2787 4116 2968 4190; x_wconf 88' lang='lat' dir='ltr'><strong>quae</strong></span> <span class='ocrx_word' id='word_1_296' title='bbox 2991 4092 3284 4168; x_wconf 88' lang='lat' dir='ltr'><strong>salutem</strong></span> <span class='ocrx_word' id='word_1_297' title='bbox 3307 4090 3814 4191; x_wconf 88' lang='lat' dir='ltr'><strong>aegrotantium</strong></span> <span class='ocrx_word' id='word_1_298' title='bbox 3842 4099 4274 4190; x_wconf 85' lang='lat' dir='ltr'><strong>promoveat,</strong></span> <span class='ocrx_word' id='word_1_299' title='bbox 4311 4114 4386 4165; x_wconf 87' lang='lat' dir='ltr'><strong>se</strong></span> 
     </span>
     <span class='ocr_line' id='line_1_30' title="bbox 1337 4209 4387 4312; baseline 0 -27"><span class='ocrx_word' id='word_1_300' title='bbox 1337 4209 1918 4312; x_wconf 81' lang='lat' dir='ltr'><strong>praescripturos3</strong></span> <span class='ocrx_word' id='word_1_301' title='bbox 1984 4210 2568 4285; x_wconf 87' lang='lat' dir='ltr'><strong>medicamentum</strong></span> <span class='ocrx_word' id='word_1_302' title='bbox 2625 4209 2915 4285; x_wconf 79' lang='lat' dir='ltr'><strong>noxium</strong></span> <span class='ocrx_word' id='word_1_303' title='bbox 2979 4209 3282 4299; x_wconf 86' lang='lat' dir='ltr'><strong>nemini,</strong></span> <span class='ocrx_word' id='word_1_304' title='bbox 3331 4210 3722 4287; x_wconf 89' lang='lat' dir='ltr'><strong>abortivum</strong></span> <span class='ocrx_word' id='word_1_305' title='bbox 3777 4210 4054 4287; x_wconf 89' lang='lat' dir='ltr'><strong>mulieri</strong></span> <span class='ocrx_word' id='word_1_306' title='bbox 4093 4211 4269 4285; x_wconf 88' lang='lat' dir='ltr'><strong>nulli</strong></span> <span class='ocrx_word' id='word_1_307' title='bbox 4315 4234 4387 4285; x_wconf 88' lang='lat' dir='ltr'><strong>se</strong></span> 
     </span>
     <span class='ocr_line' id='line_1_31' title="bbox 1332 4328 4386 4430; baseline 0 -25"><span class='ocrx_word' id='word_1_308' title='bbox 1332 4329 1765 4429; x_wconf 88' lang='lat' dir='ltr'><strong>praebituros</strong></span> <span class='ocrx_word' id='word_1_309' title='bbox 1783 4387 1804 4418; x_wconf 96' lang='lat'><strong>,</strong></span> <span class='ocrx_word' id='word_1_310' title='bbox 1876 4329 2027 4422; x_wconf 11' lang='lat' dir='ltr'><strong>sed*</strong></span> <span class='ocrx_word' id='word_1_311' title='bbox 2066 4339 2327 4405; x_wconf 87' lang='lat' dir='ltr'><strong>castam</strong></span> <span class='ocrx_word' id='word_1_312' title='bbox 2400 4337 2474 4405; x_wconf 86' lang='lat' dir='ltr'><strong>et</strong></span> <span class='ocrx_word' id='word_1_313' title='bbox 2541 4328 2632 4405; x_wconf 90' lang='lat' dir='ltr'><strong>ab</strong></span> <span class='ocrx_word' id='word_1_314' title='bbox 2703 4329 2898 4405; x_wconf 87' lang='lat' dir='ltr'><strong>omni</strong></span> <span class='ocrx_word' id='word_1_315' title='bbox 2963 4329 3212 4405; x_wconf 88' lang='lat' dir='ltr'><strong>scelere</strong></span> <span class='ocrx_word' id='word_1_316' title='bbox 3281 4354 3528 4430; x_wconf 87' lang='lat' dir='ltr'><strong>puram</strong></span> <span class='ocrx_word' id='word_1_317' title='bbox 3595 4340 3814 4408; x_wconf 87' lang='lat' dir='ltr'><strong>artem</strong></span> <span class='ocrx_word' id='word_1_318' title='bbox 3859 4340 3933 4405; x_wconf 88' lang='lat' dir='ltr'><strong>et</strong></span> <span class='ocrx_word' id='word_1_319' title='bbox 3981 4330 4192 4405; x_wconf 86' lang='lat' dir='ltr'><strong>vitam</strong></span> <span class='ocrx_word' id='word_1_320' title='bbox 4237 4352 4386 4405; x_wconf 86' lang='lat' dir='ltr'><strong>esse</strong></span> 
     </span>
     <span class='ocr_line' id='line_1_32' title="bbox 1333 4448 4384 4550; baseline 0 -25"><span class='ocrx_word' id='word_1_321' title='bbox 1333 4450 1823 4548; x_wconf 87' lang='lat' dir='ltr'><strong>praestituros;</strong></span> <span class='ocrx_word' id='word_1_322' title='bbox 1890 4448 2155 4525; x_wconf 88' lang='lat' dir='ltr'><strong>nullam</strong></span> <span class='ocrx_word' id='word_1_323' title='bbox 2198 4449 2485 4525; x_wconf 92' lang='lat' dir='ltr'><strong>domum</strong></span> <span class='ocrx_word' id='word_1_324' title='bbox 2505 4508 2528 4539; x_wconf 96' lang='lat'><strong>,</strong></span> <span class='ocrx_word' id='word_1_325' title='bbox 2583 4449 2721 4525; x_wconf 89' lang='lat' dir='ltr'><strong>nisi</strong></span> <span class='ocrx_word' id='word_1_326' title='bbox 2767 4450 2860 4526; x_wconf 90' lang='lat' dir='ltr'><strong>ad</strong></span> <span class='ocrx_word' id='word_1_327' title='bbox 2903 4450 3412 4549; x_wconf 85' lang='lat' dir='ltr'><strong>aegrotantium</strong></span> <span class='ocrx_word' id='word_1_328' title='bbox 3455 4452 3751 4527; x_wconf 86' lang='lat' dir='ltr'><strong>salutem</strong></span> <span class='ocrx_word' id='word_1_329' title='bbox 3799 4476 3872 4527; x_wconf 88' lang='lat' dir='ltr'><strong>se</strong></span> <span class='ocrx_word' id='word_1_330' title='bbox 3915 4451 4344 4550; x_wconf 85' lang='lat' dir='ltr'><strong>ingressuros</strong></span> <span class='ocrx_word' id='word_1_331' title='bbox 4361 4482 4384 4539; x_wconf 67' lang='grc' dir='ltr'>ς</span> 
     </span>
     <span class='ocr_line' id='line_1_33' title="bbox 1329 4569 4385 4667; baseline 0.001 -24"><span class='ocrx_word' id='word_1_332' title='bbox 1329 4593 1508 4667; x_wconf 87' lang='lat' dir='ltr'><strong>quae</strong></span> <span class='ocrx_word' id='word_1_333' title='bbox 1558 4576 1712 4646; x_wconf 91' lang='lat' dir='ltr'><strong>tum</strong></span> <span class='ocrx_word' id='word_1_334' title='bbox 1751 4571 1935 4647; x_wconf 90' lang='lat' dir='ltr'><strong>inter</strong></span> <span class='ocrx_word' id='word_1_335' title='bbox 1996 4569 2383 4645; x_wconf 88' lang='lat' dir='ltr'><strong>curandum</strong></span> <span class='ocrx_word' id='word_1_336' title='bbox 2410 4629 2433 4660; x_wconf 97' lang='lat'><strong>,</strong></span> <span class='ocrx_word' id='word_1_337' title='bbox 2485 4577 2641 4647; x_wconf 91' lang='lat' dir='ltr'><strong>tum</strong></span> <span class='ocrx_word' id='word_1_338' title='bbox 2695 4574 2930 4661; x_wconf 81' lang='lat' dir='ltr'><strong>extra,</strong></span> <span class='ocrx_word' id='word_1_339' title='bbox 2971 4570 3048 4645; x_wconf 92' lang='lat' dir='ltr'><strong>in</strong></span> <span class='ocrx_word' id='word_1_340' title='bbox 3095 4570 3390 4647; x_wconf 87' lang='lat' dir='ltr'><strong>aedibus</strong></span> <span class='ocrx_word' id='word_1_341' title='bbox 3439 4572 3604 4647; x_wconf 86' lang='lat' dir='ltr'><strong>fidei</strong></span> <span class='ocrx_word' id='word_1_342' title='bbox 3647 4595 3815 4647; x_wconf 87' lang='lat' dir='ltr'><strong>suae</strong></span> <span class='ocrx_word' id='word_1_343' title='bbox 3861 4570 4385 4647; x_wconf 88' lang='lat' dir='ltr'><strong>commissorum</strong></span> 
     </span>
     <span class='ocr_line' id='line_1_34' title="bbox 1338 4687 4385 4791; baseline 0.002 -30"><span class='ocrx_word' id='word_1_344' title='bbox 1338 4687 1706 4777; x_wconf 85' lang='lat' dir='ltr'><strong>vidissent,</strong></span> <span class='ocrx_word' id='word_1_345' title='bbox 1758 4690 1861 4763; x_wconf 87' lang='lat' dir='ltr'><strong>vel</strong></span> <span class='ocrx_word' id='word_1_346' title='bbox 1895 4689 2359 4781; x_wconf 85' lang='lat' dir='ltr'><strong>audivissent,</strong></span> <span class='ocrx_word' id='word_1_347' title='bbox 2410 4715 2550 4767; x_wconf 91' lang='lat' dir='ltr'><strong>non</strong></span> <span class='ocrx_word' id='word_1_348' title='bbox 2585 4716 2736 4767; x_wconf 87' lang='lat' dir='ltr'><strong>esse</strong></span> <span class='ocrx_word' id='word_1_349' title='bbox 2757 4700 3192 4769; x_wconf 86' lang='lat' dir='ltr'><strong>enarraturos</strong></span> <span class='ocrx_word' id='word_1_350' title='bbox 3209 4748 3232 4782; x_wconf 96' lang='lat'><strong>,</strong></span> <span class='ocrx_word' id='word_1_351' title='bbox 3283 4691 3406 4767; x_wconf 89' lang='lat' dir='ltr'><strong>sed</strong></span> <span class='ocrx_word' id='word_1_352' title='bbox 3437 4691 3711 4768; x_wconf 88' lang='lat' dir='ltr'><strong>silentio</strong></span> <span class='ocrx_word' id='word_1_353' title='bbox 3737 4714 4244 4791; x_wconf 77' lang='lat' dir='ltr'><strong>suppressuras.</strong></span> <span class='ocrx_word' id='word_1_354' title='bbox 4287 4734 4385 4749; x_wconf 86' lang='lat'><strong>-—</strong></span> 
     </span>
     <span class='ocr_line' id='line_1_35' title="bbox 1326 4807 4386 4911; baseline 0 -27"><span class='ocrx_word' id='word_1_355' title='bbox 1326 4808 1437 4884; x_wconf 86' lang='lat' dir='ltr'><strong>En</strong></span> <span class='ocrx_word' id='word_1_356' title='bbox 1456 4864 1479 4898; x_wconf 95' lang='lat'><strong>,</strong></span> <span class='ocrx_word' id='word_1_357' title='bbox 1528 4807 1617 4885; x_wconf 87' lang='lat' dir='ltr'><strong>A.</strong></span> <span class='ocrx_word' id='word_1_358' title='bbox 1646 4808 1779 4886; x_wconf 87' lang='lat' dir='ltr'><strong>A.1</strong></span> <span class='ocrx_word' id='word_1_359' title='bbox 1837 4834 2015 4907; x_wconf 91' lang='lat' dir='ltr'><strong>quae</strong></span> <span class='ocrx_word' id='word_1_360' title='bbox 2060 4812 2578 4910; x_wconf 89' lang='lat' dir='ltr'><strong>spoponderunt</strong></span> <span class='ocrx_word' id='word_1_361' title='bbox 2627 4812 2754 4889; x_wconf 86' lang='lat' dir='ltr'><strong>viri</strong></span> <span class='ocrx_word' id='word_1_362' title='bbox 2793 4812 2896 4888; x_wconf 93' lang='lat' dir='ltr'><strong>illi</strong></span> <span class='ocrx_word' id='word_1_363' title='bbox 2941 4812 3226 4889; x_wconf 88' lang='lat' dir='ltr'><strong>Graeci!</strong></span> <span class='ocrx_word' id='word_1_364' title='bbox 3300 4812 3518 4887; x_wconf 84' lang='lat' dir='ltr'><strong>Estne</strong></span> <span class='ocrx_word' id='word_1_365' title='bbox 3573 4812 3648 4887; x_wconf 90' lang='lat' dir='ltr'><strong>in</strong></span> <span class='ocrx_word' id='word_1_366' title='bbox 3695 4810 3804 4887; x_wconf 91' lang='lat' dir='ltr'><strong>his</strong></span> <span class='ocrx_word' id='word_1_367' title='bbox 3853 4810 4322 4911; x_wconf 76' lang='grc' dir='ltr'><strong><em>φιλαργυρία</em></strong></span> <span class='ocrx_word' id='word_1_368' title='bbox 4345 4810 4386 4885; x_wconf 75' lang='lat'><strong>‚⁹</strong></span> 
     </span>
    </p>
   </div>
   <div class='ocr_carea' id='block_1_5' title="bbox 4930 3386 4942 6148">
    <p class='ocr_par' dir='ltr' id='par_1_5' title="bbox 4930 3386 4942 6148">
     <span class='ocr_line' id='line_1_36' title="bbox 4930 3386 4942 6148; baseline 0 0"><span class='ocrx_word' id='word_1_369' title='bbox 4930 3386 4942 6148; x_wconf 95' lang='lat' dir='ltr'><strong> </strong></span> 
     </span>
    </p>
   </div>
  </div>
 </body>
</html>
