<?xml version="1.0" encoding="UTF-8"?>
<!DOCTYPE html PUBLIC "-//W3C//DTD XHTML 1.0 Transitional//EN"
    "http://www.w3.org/TR/xhtml1/DTD/xhtml1-transitional.dtd">
<html xmlns="http://www.w3.org/1999/xhtml" xml:lang="en" lang="en">
 <head>
  <title>
</title>
<meta http-equiv="Content-Type" content="text/html;charset=utf-8" />
  <meta name='ocr-system' content='tesseract 3.04.00' />
  <meta name='ocr-capabilities' content='ocr_page ocr_carea ocr_par ocr_line ocrx_word'/>
</head>
<body>
  <div class='ocr_page' id='page_1' title='image "annalesacademic19unkngoog_0029.png"; bbox 0 0 4942 6175; ppageno 0'>
   <div class='ocr_carea' id='block_1_1' title="bbox 1731 660 3543 731">
    <p class='ocr_par' dir='ltr' id='par_1_1' title="bbox 1731 660 3543 731">
     <span class='ocr_line' id='line_1_1' title="bbox 1731 660 3543 731; baseline 0.001 -2"><span class='ocrx_word' id='word_1_1' title='bbox 1731 660 2292 731; x_wconf 78' lang='lat' dir='ltr'><strong>ORATIO.</strong></span> <span class='ocrx_word' id='word_1_2' title='bbox 3464 662 3543 731; x_wconf 81' lang='lat'><strong>19</strong></span> 
     </span>
    </p>
   </div>
   <div class='ocr_carea' id='block_1_2' title="bbox 497 866 3571 4996">
    <p class='ocr_par' dir='ltr' id='par_1_2' title="bbox 497 866 3555 2045">
     <span class='ocr_line' id='line_1_2' title="bbox 497 866 3547 971; baseline -0 -25"><span class='ocrx_word' id='word_1_3' title='bbox 497 892 724 947; x_wconf 84' lang='lat' dir='ltr'><strong>morea</strong></span> <span class='ocrx_word' id='word_1_4' title='bbox 781 873 1100 959; x_wconf 78' lang='lat' dir='ltr'><strong>enarret3</strong></span> <span class='ocrx_word' id='word_1_5' title='bbox 1163 868 1292 969; x_wconf 88' lang='lat' dir='ltr'><strong>qui</strong></span> <span class='ocrx_word' id='word_1_6' title='bbox 1347 866 1693 945; x_wconf 86' lang='lat' dir='ltr'><strong>describat</strong></span> <span class='ocrx_word' id='word_1_7' title='bbox 1755 870 2122 946; x_wconf 88' lang='lat' dir='ltr'><strong>eandorem</strong></span> <span class='ocrx_word' id='word_1_8' title='bbox 2177 879 2252 946; x_wconf 92' lang='lat' dir='ltr'><strong>et</strong></span> <span class='ocrx_word' id='word_1_9' title='bbox 2307 868 2823 971; x_wconf 87' lang='lat' dir='ltr'><strong>simplieitatem</strong></span> <span class='ocrx_word' id='word_1_10' title='bbox 2870 870 3087 947; x_wconf 90' lang='lat' dir='ltr'><strong>animi</strong></span> <span class='ocrx_word' id='word_1_11' title='bbox 3132 868 3423 971; x_wconf 90' lang='lat' dir='ltr'><strong>ingenui</strong></span> <span class='ocrx_word' id='word_1_12' title='bbox 3473 878 3547 945; x_wconf 91' lang='lat' dir='ltr'><strong>et</strong></span> 
     </span>
     <span class='ocr_line' id='line_1_3' title="bbox 499 988 3545 1092; baseline -0.001 -25"><span class='ocrx_word' id='word_1_13' title='bbox 499 990 910 1092; x_wconf 79' lang='lat' dir='ltr'><strong>gravitatem</strong></span> <span class='ocrx_word' id='word_1_14' title='bbox 969 999 1045 1066; x_wconf 88' lang='lat' dir='ltr'><strong>et</strong></span> <span class='ocrx_word' id='word_1_15' title='bbox 1104 990 1568 1067; x_wconf 85' lang='lat' dir='ltr'><strong>constantiam</strong></span> <span class='ocrx_word' id='word_1_16' title='bbox 1615 988 1740 1065; x_wconf 88' lang='lat' dir='ltr'><strong>viri</strong></span> <span class='ocrx_word' id='word_1_17' title='bbox 1783 990 1960 1065; x_wconf 89' lang='lat' dir='ltr'><strong>mira</strong></span> <span class='ocrx_word' id='word_1_18' title='bbox 2007 989 2312 1089; x_wconf 87' lang='lat' dir='ltr'><strong>quadam</strong></span> <span class='ocrx_word' id='word_1_19' title='bbox 2363 990 2793 1066; x_wconf 78' lang='lat' dir='ltr'><strong>humanitate</strong></span> <span class='ocrx_word' id='word_1_20' title='bbox 2844 999 2917 1065; x_wconf 92' lang='lat' dir='ltr'><strong>et</strong></span> <span class='ocrx_word' id='word_1_21' title='bbox 2964 988 3337 1070; x_wconf 80' lang='lat' dir='ltr'><strong>festivitate</strong></span> <span class='ocrx_word' id='word_1_22' title='bbox 3382 1013 3545 1065; x_wconf 81' lang='lat' dir='ltr'><strong>con·</strong></span> 
     </span>
     <span class='ocr_line' id='line_1_4' title="bbox 499 1107 3547 1209; baseline -0.001 -22"><span class='ocrx_word' id='word_1_23' title='bbox 499 1110 720 1209; x_wconf 74' lang='lat' dir='ltr'><strong>ditem</strong></span> <span class='ocrx_word' id='word_1_24' title='bbox 737 1168 760 1201; x_wconf 90' lang='lat'><em>‚</em></span> <span class='ocrx_word' id='word_1_25' title='bbox 805 1109 1261 1208; x_wconf 86' lang='lat' dir='ltr'><strong>animumque</strong></span> <span class='ocrx_word' id='word_1_26' title='bbox 1309 1108 1646 1185; x_wconf 82' lang='lat' dir='ltr'><strong>invictum</strong></span> <span class='ocrx_word' id='word_1_27' title='bbox 1684 1116 1758 1183; x_wconf 91' lang='lat' dir='ltr'><strong>et</strong></span> <span class='ocrx_word' id='word_1_28' title='bbox 1792 1107 2132 1184; x_wconf 74' lang='lat' dir='ltr'><strong>libertatis</strong></span> <span class='ocrx_word' id='word_1_29' title='bbox 2175 1116 2529 1183; x_wconf 87' lang='lat' dir='ltr'><strong>amantem</strong></span> <span class='ocrx_word' id='word_1_30' title='bbox 2568 1117 2641 1182; x_wconf 88' lang='lat' dir='ltr'><strong>et</strong></span> <span class='ocrx_word' id='word_1_31' title='bbox 2688 1109 3019 1207; x_wconf 87' lang='lat' dir='ltr'><strong>pietatem</strong></span> <span class='ocrx_word' id='word_1_32' title='bbox 3070 1134 3415 1187; x_wconf 88' lang='lat' dir='ltr'><strong>summam</strong></span> <span class='ocrx_word' id='word_1_33' title='bbox 3454 1108 3547 1185; x_wconf 91' lang='lat' dir='ltr'><strong>ab</strong></span> 
     </span>
     <span class='ocr_line' id='line_1_5' title="bbox 497 1223 3548 1330; baseline 0 -27"><span class='ocrx_word' id='word_1_34' title='bbox 497 1228 694 1305; x_wconf 89' lang='lat' dir='ltr'><strong>omni</strong></span> <span class='ocrx_word' id='word_1_35' title='bbox 744 1224 1233 1325; x_wconf 74' lang='lat' dir='ltr'><strong>superstitione</strong></span> <span class='ocrx_word' id='word_1_36' title='bbox 1279 1249 1564 1301; x_wconf 79' lang='lat' dir='ltr'><strong>vacuam</strong></span> <span class='ocrx_word' id='word_1_37' title='bbox 1617 1233 1689 1299; x_wconf 91' lang='lat' dir='ltr'><strong>et</strong></span> <span class='ocrx_word' id='word_1_38' title='bbox 1733 1223 2089 1299; x_wconf 76' lang='lat' dir='ltr'><strong>ardentem</strong></span> <span class='ocrx_word' id='word_1_39' title='bbox 2140 1225 2402 1325; x_wconf 88' lang='lat' dir='ltr'><strong>patriae</strong></span> <span class='ocrx_word' id='word_1_40' title='bbox 2444 1250 2749 1302; x_wconf 90' lang='lat' dir='ltr'><strong>amorem</strong></span> <span class='ocrx_word' id='word_1_41' title='bbox 2793 1253 2957 1304; x_wconf 90' lang='lat' dir='ltr'><strong>cum</strong></span> <span class='ocrx_word' id='word_1_42' title='bbox 3001 1228 3263 1330; x_wconf 78' lang='lat' dir='ltr'><strong>insigni</strong></span> <span class='ocrx_word' id='word_1_43' title='bbox 3314 1227 3548 1328; x_wconf 90' lang='lat' dir='ltr'><strong>stirpis</strong></span> 
     </span>
     <span class='ocr_line' id='line_1_6' title="bbox 499 1342 3548 1447; baseline -0.001 -24"><span class='ocrx_word' id='word_1_44' title='bbox 499 1344 768 1447; x_wconf 83' lang='lat' dir='ltr'><strong>Regiae</strong></span> <span class='ocrx_word' id='word_1_45' title='bbox 806 1344 1240 1421; x_wconf 78' lang='lat' dir='ltr'><strong>observantia</strong></span> <span class='ocrx_word' id='word_1_46' title='bbox 1281 1342 1732 1421; x_wconf 88' lang='lat' dir='ltr'><strong>coniunctum</strong></span> <span class='ocrx_word' id='word_1_47' title='bbox 1750 1400 1774 1433; x_wconf 84' lang='lat'><strong>,</strong></span> <span class='ocrx_word' id='word_1_48' title='bbox 1837 1352 1911 1419; x_wconf 90' lang='lat' dir='ltr'><strong>et</strong></span> <span class='ocrx_word' id='word_1_49' title='bbox 1951 1343 2222 1443; x_wconf 82' lang='lat' dir='ltr'><strong>pulchri</strong></span> <span class='ocrx_word' id='word_1_50' title='bbox 2265 1369 2551 1421; x_wconf 89' lang='lat' dir='ltr'><strong>sensum</strong></span> <span class='ocrx_word' id='word_1_51' title='bbox 2596 1346 3009 1423; x_wconf 88' lang='lat' dir='ltr'><strong>acerrimum</strong></span> <span class='ocrx_word' id='word_1_52' title='bbox 3066 1372 3232 1423; x_wconf 90' lang='lat' dir='ltr'><strong>cum</strong></span> <span class='ocrx_word' id='word_1_53' title='bbox 3292 1347 3433 1423; x_wconf 84' lang='lat' dir='ltr'><strong>veri</strong></span> <span class='ocrx_word' id='word_1_54' title='bbox 3474 1354 3548 1421; x_wconf 90' lang='lat' dir='ltr'><strong>et</strong></span> 
     </span>
     <span class='ocr_line' id='line_1_7' title="bbox 503 1463 3553 1567; baseline -0.002 -24"><span class='ocrx_word' id='word_1_55' title='bbox 503 1466 776 1543; x_wconf 88' lang='lat' dir='ltr'><strong>honesti</strong></span> <span class='ocrx_word' id='word_1_56' title='bbox 829 1488 1042 1541; x_wconf 86' lang='lat' dir='ltr'><strong>sensu</strong></span> <span class='ocrx_word' id='word_1_57' title='bbox 1101 1463 1611 1563; x_wconf 74' lang='lat' dir='ltr'><strong>conspirantem</strong></span> <span class='ocrx_word' id='word_1_58' title='bbox 1631 1520 1653 1553; x_wconf 85' lang='lat'>‚</span> <span class='ocrx_word' id='word_1_59' title='bbox 1716 1473 1788 1542; x_wconf 92' lang='lat' dir='ltr'><strong>et</strong></span> <span class='ocrx_word' id='word_1_60' title='bbox 1834 1464 1974 1539; x_wconf 90' lang='lat' dir='ltr'><strong>oris</strong></span> <span class='ocrx_word' id='word_1_61' title='bbox 2017 1463 2412 1541; x_wconf 84' lang='lat' dir='ltr'><strong>facundiam</strong></span> <span class='ocrx_word' id='word_1_62' title='bbox 2461 1475 2533 1542; x_wconf 88' lang='lat' dir='ltr'><strong>et</strong></span> <span class='ocrx_word' id='word_1_63' title='bbox 2574 1466 2921 1542; x_wconf 89' lang='lat' dir='ltr'><strong>scribendi</strong></span> <span class='ocrx_word' id='word_1_64' title='bbox 2972 1467 3387 1567; x_wconf 77' lang='lat' dir='ltr'><strong>elegantiam</strong></span> <span class='ocrx_word' id='word_1_65' title='bbox 3405 1525 3428 1556; x_wconf 85' lang='lat'>,</span> <span class='ocrx_word' id='word_1_66' title='bbox 3479 1474 3553 1541; x_wconf 88' lang='lat' dir='ltr'><strong>et</strong></span> 
     </span>
     <span class='ocr_line' id='line_1_8' title="bbox 504 1584 3553 1685; baseline 0.001 -27"><span class='ocrx_word' id='word_1_67' title='bbox 504 1590 936 1661; x_wconf 73' lang='lat' dir='ltr'><strong>venustatem</strong></span> <span class='ocrx_word' id='word_1_68' title='bbox 977 1606 1138 1661; x_wconf 89' lang='lat' dir='ltr'><strong>cum</strong></span> <span class='ocrx_word' id='word_1_69' title='bbox 1191 1584 1496 1659; x_wconf 88' lang='lat' dir='ltr'><strong>maxima</strong></span> <span class='ocrx_word' id='word_1_70' title='bbox 1535 1584 1830 1659; x_wconf 90' lang='lat' dir='ltr'><strong>sanitate</strong></span> <span class='ocrx_word' id='word_1_71' title='bbox 1878 1591 1952 1659; x_wconf 96' lang='lat' dir='ltr'><strong>et</strong></span> <span class='ocrx_word' id='word_1_72' title='bbox 2005 1584 2499 1685; x_wconf 83' lang='lat' dir='ltr'><strong>perspicuitate</strong></span> <span class='ocrx_word' id='word_1_73' title='bbox 2544 1586 3062 1663; x_wconf 89' lang='lat' dir='ltr'><strong>coalescentem.</strong></span> <span class='ocrx_word' id='word_1_74' title='bbox 3168 1586 3362 1661; x_wconf 86' lang='lat' dir='ltr'><strong>Haeo</strong></span> <span class='ocrx_word' id='word_1_75' title='bbox 3412 1610 3553 1662; x_wconf 91' lang='lat' dir='ltr'><strong>uno</strong></span> 
     </span>
     <span class='ocr_line' id='line_1_9' title="bbox 501 1700 3555 1807; baseline 0 -28"><span class='ocrx_word' id='word_1_76' title='bbox 501 1726 644 1781; x_wconf 90' lang='lat' dir='ltr'><strong>ore</strong></span> <span class='ocrx_word' id='word_1_77' title='bbox 693 1702 1046 1779; x_wconf 80' lang='lat' dir='ltr'><strong>celebrant</strong></span> <span class='ocrx_word' id='word_1_78' title='bbox 1115 1703 1242 1801; x_wconf 92' lang='lat' dir='ltr'><strong>qui</strong></span> <span class='ocrx_word' id='word_1_79' title='bbox 1308 1700 1868 1804; x_wconf 84' lang='lat' dir='ltr'><strong>Peerlkampium</strong></span> <span class='ocrx_word' id='word_1_80' title='bbox 1933 1704 2006 1779; x_wconf 91' lang='lat' dir='ltr'><strong>in</strong></span> <span class='ocrx_word' id='word_1_81' title='bbox 2085 1704 2321 1805; x_wconf 89' lang='lat' dir='ltr'><strong>aliqua</strong></span> <span class='ocrx_word' id='word_1_82' title='bbox 2384 1706 2565 1781; x_wconf 78' lang='lat' dir='ltr'><strong>vitae</strong></span> <span class='ocrx_word' id='word_1_83' title='bbox 2630 1714 2826 1807; x_wconf 89' lang='lat' dir='ltr'><strong>parte</strong></span> <span class='ocrx_word' id='word_1_84' title='bbox 2892 1715 3363 1805; x_wconf 86' lang='lat' dir='ltr'><strong>cognoverunt</strong></span> <span class='ocrx_word' id='word_1_85' title='bbox 3429 1713 3555 1780; x_wconf 85' lang='lat' dir='ltr'><strong>aut</strong></span> 
     </span>
     <span class='ocr_line' id='line_1_10' title="bbox 504 1822 3554 1945; baseline -0 -43"><span class='ocrx_word' id='word_1_86' title='bbox 504 1825 595 1902; x_wconf 91' lang='lat' dir='ltr'><strong>de</strong></span> <span class='ocrx_word' id='word_1_87' title='bbox 648 1822 976 1899; x_wconf 78' lang='lat' dir='ltr'><strong>cathedra</strong></span> <span class='ocrx_word' id='word_1_88' title='bbox 1047 1822 1410 1897; x_wconf 89' lang='lat' dir='ltr'><strong>docentem</strong></span> <span class='ocrx_word' id='word_1_89' title='bbox 1467 1822 1908 1899; x_wconf 88' lang='lat' dir='ltr'><strong>audiverunt.</strong></span> <span class='ocrx_word' id='word_1_90' title='bbox 2006 1824 2156 1904; x_wconf 83' lang='lat' dir='ltr'><strong>Qui</strong></span> <span class='ocrx_word' id='word_1_91' title='bbox 2199 1824 2290 1899; x_wconf 90' lang='lat' dir='ltr'><strong>de</strong></span> <span class='ocrx_word' id='word_1_92' title='bbox 2338 1824 2456 1899; x_wconf 93' lang='lat' dir='ltr'><strong>illo</strong></span> <span class='ocrx_word' id='word_1_93' title='bbox 2502 1824 2819 1901; x_wconf 86' lang='lat' dir='ltr'><strong>dicturus</strong></span> <span class='ocrx_word' id='word_1_94' title='bbox 2865 1833 3013 1914; x_wconf 87' lang='lat' dir='ltr'><strong>est,</strong></span> <span class='ocrx_word' id='word_1_95' title='bbox 3082 1850 3213 1901; x_wconf 87' lang='lat' dir='ltr'><strong>nae</strong></span> <span class='ocrx_word' id='word_1_96' title='bbox 3267 1825 3382 1945; x_wconf 84' lang='lat' dir='ltr'><strong>ille</strong></span> <span class='ocrx_word' id='word_1_97' title='bbox 3433 1824 3554 1901; x_wconf 88' lang='lat' dir='ltr'><strong>ha·</strong></span> 
     </span>
     <span class='ocr_line' id='line_1_11' title="bbox 504 1940 3124 2045; baseline 0 -26"><span class='ocrx_word' id='word_1_98' title='bbox 504 1943 701 2021; x_wconf 84' lang='lat' dir='ltr'><strong>bebit</strong></span> <span class='ocrx_word' id='word_1_99' title='bbox 747 1943 1002 2019; x_wconf 86' lang='lat' dir='ltr'><strong>laetam</strong></span> <span class='ocrx_word' id='word_1_100' title='bbox 1047 1940 1328 2017; x_wconf 85' lang='lat' dir='ltr'><strong>dicendi</strong></span> <span class='ocrx_word' id='word_1_101' title='bbox 1373 1942 1755 2019; x_wconf 86' lang='lat' dir='ltr'><strong>materiem.</strong></span> <span class='ocrx_word' id='word_1_102' title='bbox 1854 1944 1965 2017; x_wconf 90' lang='lat' dir='ltr'><strong>De</strong></span> <span class='ocrx_word' id='word_1_103' title='bbox 2011 1942 2130 2019; x_wconf 89' lang='lat' dir='ltr'><strong>illa</strong></span> <span class='ocrx_word' id='word_1_104' title='bbox 2175 1944 2374 2044; x_wconf 88' lang='lat' dir='ltr'><strong>copia</strong></span> <span class='ocrx_word' id='word_1_105' title='bbox 2419 1970 2553 2045; x_wconf 88' lang='lat' dir='ltr'><strong>ego</strong></span> <span class='ocrx_word' id='word_1_106' title='bbox 2600 1945 2831 2021; x_wconf 89' lang='lat' dir='ltr'><strong>delibo</strong></span> <span class='ocrx_word' id='word_1_107' title='bbox 2878 1968 3124 2020; x_wconf 89' lang='lat' dir='ltr'><strong>unum.</strong></span> 
     </span>
    </p>

    <p class='ocr_par' dir='ltr' id='par_1_3' title="bbox 505 2060 3571 4784">
     <span class='ocr_line' id='line_1_12' title="bbox 601 2060 3559 2163; baseline -0.001 -24"><span class='ocrx_word' id='word_1_108' title='bbox 601 2062 1015 2139; x_wconf 65' lang='lat' dir='ltr'><strong>Admiratus·</strong></span> <span class='ocrx_word' id='word_1_109' title='bbox 1081 2060 1496 2137; x_wconf 88' lang='lat' dir='ltr'><strong>Brittannus</strong></span> <span class='ocrx_word' id='word_1_110' title='bbox 1566 2061 1684 2139; x_wconf 91' lang='lat' dir='ltr'><strong>ille</strong></span> <span class='ocrx_word' id='word_1_111' title='bbox 1753 2070 2130 2157; x_wconf 83' lang='lat' dir='ltr'><strong>nostrates,</strong></span> <span class='ocrx_word' id='word_1_112' title='bbox 2194 2063 2320 2162; x_wconf 88' lang='lat' dir='ltr'><strong>qui</strong></span> <span class='ocrx_word' id='word_1_113' title='bbox 2381 2088 2512 2140; x_wconf 89' lang='lat' dir='ltr'><strong>nec</strong></span> <span class='ocrx_word' id='word_1_114' title='bbox 2574 2064 2997 2141; x_wconf 89' lang='lat' dir='ltr'><strong>maledicunt</strong></span> <span class='ocrx_word' id='word_1_115' title='bbox 3042 2063 3369 2163; x_wconf 87' lang='lat' dir='ltr'><strong>cuiquam</strong></span> <span class='ocrx_word' id='word_1_116' title='bbox 3430 2086 3559 2137; x_wconf 89' lang='lat' dir='ltr'><strong>nec</strong></span> 
     </span>
     <span class='ocr_line' id='line_1_13' title="bbox 505 2180 3559 2283; baseline -0.001 -25"><span class='ocrx_word' id='word_1_117' title='bbox 505 2181 902 2259; x_wconf 82' lang='lat' dir='ltr'><strong>adulantur.</strong></span> <span class='ocrx_word' id='word_1_118' title='bbox 1001 2183 1110 2257; x_wconf 91' lang='lat' dir='ltr'><strong>De</strong></span> <span class='ocrx_word' id='word_1_119' title='bbox 1175 2180 1596 2257; x_wconf 90' lang='lat' dir='ltr'><strong>adulationis</strong></span> <span class='ocrx_word' id='word_1_120' title='bbox 1665 2182 1828 2258; x_wconf 92' lang='lat' dir='ltr'><strong>odio</strong></span> <span class='ocrx_word' id='word_1_121' title='bbox 1879 2183 2054 2283; x_wconf 91' lang='lat' dir='ltr'><strong>quid</strong></span> <span class='ocrx_word' id='word_1_122' title='bbox 2108 2184 2360 2260; x_wconf 89' lang='lat' dir='ltr'><strong>attinet</strong></span> <span class='ocrx_word' id='word_1_123' title='bbox 2403 2184 2629 2261; x_wconf 87' lang='lat' dir='ltr'><strong>dicere</strong></span> <span class='ocrx_word' id='word_1_124' title='bbox 2680 2185 2753 2260; x_wconf 91' lang='lat' dir='ltr'><strong>in</strong></span> <span class='ocrx_word' id='word_1_125' title='bbox 2806 2208 2931 2275; x_wconf 88' lang='lat' dir='ltr'><strong>eo,</strong></span> <span class='ocrx_word' id='word_1_126' title='bbox 2980 2208 3123 2283; x_wconf 88' lang='lat' dir='ltr'><strong>quo</strong></span> <span class='ocrx_word' id='word_1_127' title='bbox 3169 2206 3373 2259; x_wconf 90' lang='lat' dir='ltr'><strong>nemo</strong></span> <span class='ocrx_word' id='word_1_128' title='bbox 3424 2182 3559 2255; x_wconf 86' lang='lat' dir='ltr'><strong>fuit</strong></span> 
     </span>
     <span class='ocr_line' id='line_1_14' title="bbox 507 2300 3563 2403; baseline -0.001 -26"><span class='ocrx_word' id='word_1_129' title='bbox 507 2300 853 2378; x_wconf 85' lang='lat' dir='ltr'><strong>libertatis</strong></span> <span class='ocrx_word' id='word_1_130' title='bbox 919 2300 1174 2377; x_wconf 83' lang='lat' dir='ltr'><strong>vindex</strong></span> <span class='ocrx_word' id='word_1_131' title='bbox 1241 2310 1316 2376; x_wconf 92' lang='lat' dir='ltr'><strong>et</strong></span> <span class='ocrx_word' id='word_1_132' title='bbox 1385 2310 1683 2377; x_wconf 83' lang='lat' dir='ltr'><strong>assertor</strong></span> <span class='ocrx_word' id='word_1_133' title='bbox 1751 2302 2175 2379; x_wconf 85' lang='lat' dir='ltr'><strong>constantior</strong></span> <span class='ocrx_word' id='word_1_134' title='bbox 2243 2303 2643 2403; x_wconf 86' lang='lat' dir='ltr'><strong>fortiorque.</strong></span> <span class='ocrx_word' id='word_1_135' title='bbox 2744 2302 2857 2378; x_wconf 91' lang='lat' dir='ltr'><strong>Ne</strong></span> <span class='ocrx_word' id='word_1_136' title='bbox 2919 2303 3009 2378; x_wconf 89' lang='lat' dir='ltr'><strong>de</strong></span> <span class='ocrx_word' id='word_1_137' title='bbox 3078 2302 3563 2377; x_wconf 86' lang='lat' dir='ltr'><strong>maledicentia</strong></span> 
     </span>
     <span class='ocr_line' id='line_1_15' title="bbox 507 2419 3561 2522; baseline -0.001 -25"><span class='ocrx_word' id='word_1_138' title='bbox 507 2420 795 2521; x_wconf 90' lang='lat' dir='ltr'><strong>quidem</strong></span> <span class='ocrx_word' id='word_1_139' title='bbox 861 2420 938 2496; x_wconf 91' lang='lat' dir='ltr'><strong>in</strong></span> <span class='ocrx_word' id='word_1_140' title='bbox 995 2419 1477 2520; x_wconf 87' lang='lat' dir='ltr'><strong>Peerlkampio</strong></span> <span class='ocrx_word' id='word_1_141' title='bbox 1520 2420 1974 2519; x_wconf 88' lang='lat' dir='ltr'><strong>cogitandum</strong></span> <span class='ocrx_word' id='word_1_142' title='bbox 1994 2478 2017 2509; x_wconf 84' lang='lat'>,</span> <span class='ocrx_word' id='word_1_143' title='bbox 2083 2422 2210 2520; x_wconf 88' lang='lat' dir='ltr'><strong>qui</strong></span> <span class='ocrx_word' id='word_1_144' title='bbox 2252 2422 2523 2522; x_wconf 82' lang='lat' dir='ltr'><strong>ingenti</strong></span> <span class='ocrx_word' id='word_1_145' title='bbox 2570 2422 2805 2497; x_wconf 89' lang='lat' dir='ltr'><strong>animo</strong></span> <span class='ocrx_word' id='word_1_146' title='bbox 2844 2422 3079 2497; x_wconf 89' lang='lat' dir='ltr'><strong>omnia</strong></span> <span class='ocrx_word' id='word_1_147' title='bbox 3118 2421 3237 2496; x_wconf 89' lang='lat' dir='ltr'><strong>illa</strong></span> <span class='ocrx_word' id='word_1_148' title='bbox 3284 2444 3561 2519; x_wconf 88' lang='lat' dir='ltr'><strong>sperne-</strong></span> 
     </span>
     <span class='ocr_line' id='line_1_16' title="bbox 511 2538 3564 2641; baseline -0.001 -24"><span class='ocrx_word' id='word_1_149' title='bbox 511 2541 635 2617; x_wconf 87' lang='lat' dir='ltr'><strong>bat</strong></span> <span class='ocrx_word' id='word_1_150' title='bbox 703 2538 1158 2639; x_wconf 83' lang='lat' dir='ltr'><strong>quamobram</strong></span> <span class='ocrx_word' id='word_1_151' title='bbox 1225 2538 1482 2614; x_wconf 88' lang='lat' dir='ltr'><strong>eruditi</strong></span> <span class='ocrx_word' id='word_1_152' title='bbox 1541 2539 1859 2615; x_wconf 89' lang='lat' dir='ltr'><strong>homines</strong></span> <span class='ocrx_word' id='word_1_153' title='bbox 1935 2542 2119 2616; x_wconf 78' lang='lat' dir='ltr'><strong>inter</strong></span> <span class='ocrx_word' id='word_1_154' title='bbox 2181 2564 2260 2615; x_wconf 89' lang='lat' dir='ltr'><strong>se</strong></span> <span class='ocrx_word' id='word_1_155' title='bbox 2325 2563 2855 2641; x_wconf 87' lang='lat' dir='ltr'><strong>nonnumquam</strong></span> <span class='ocrx_word' id='word_1_156' title='bbox 2934 2540 3322 2615; x_wconf 79' lang='lat' dir='ltr'><strong>velitantur.</strong></span> <span class='ocrx_word' id='word_1_157' title='bbox 3424 2538 3564 2613; x_wconf 90' lang='lat' dir='ltr'><strong>Sed</strong></span> 
     </span>
     <span class='ocr_line' id='line_1_17' title="bbox 510 2657 3558 2765; baseline -0 -30"><span class='ocrx_word' id='word_1_158' title='bbox 510 2658 703 2741; x_wconf 88' lang='lat' dir='ltr'><strong>aliud</strong></span> <span class='ocrx_word' id='word_1_159' title='bbox 759 2666 869 2733; x_wconf 90' lang='lat' dir='ltr'><strong>est</strong></span> <span class='ocrx_word' id='word_1_160' title='bbox 923 2657 1079 2735; x_wconf 87' lang='lat' dir='ltr'><strong>aliis</strong></span> <span class='ocrx_word' id='word_1_161' title='bbox 1137 2679 1278 2732; x_wconf 89' lang='lat' dir='ltr'><strong>non</strong></span> <span class='ocrx_word' id='word_1_162' title='bbox 1333 2658 1742 2735; x_wconf 87' lang='lat' dir='ltr'><strong>maledicere</strong></span> <span class='ocrx_word' id='word_1_163' title='bbox 1756 2715 1779 2747; x_wconf 88' lang='lat'>‚</span> <span class='ocrx_word' id='word_1_164' title='bbox 1841 2658 2036 2735; x_wconf 88' lang='lat' dir='ltr'><strong>aliud</strong></span> <span class='ocrx_word' id='word_1_165' title='bbox 2095 2683 2319 2765; x_wconf 85' lang='lat' dir='ltr'><strong>aequo</strong></span> <span class='ocrx_word' id='word_1_166' title='bbox 2369 2660 2605 2735; x_wconf 85' lang='lat' dir='ltr'><strong>animo</strong></span> <span class='ocrx_word' id='word_1_167' title='bbox 2653 2659 2945 2734; x_wconf 89' lang='lat' dir='ltr'><strong>aliorum</strong></span> <span class='ocrx_word' id='word_1_168' title='bbox 2993 2658 3305 2733; x_wconf 85' lang='lat' dir='ltr'><strong>convicia</strong></span> <span class='ocrx_word' id='word_1_169' title='bbox 3362 2657 3558 2734; x_wconf 86' lang='lat' dir='ltr'><strong>ferre.</strong></span> 
     </span>
     <span class='ocr_line' id='line_1_18' title="bbox 511 2776 3563 2877; baseline -0.001 -22"><span class='ocrx_word' id='word_1_170' title='bbox 511 2780 742 2855; x_wconf 88' lang='lat' dir='ltr'><strong>Nemo</strong></span> <span class='ocrx_word' id='word_1_171' title='bbox 799 2801 986 2853; x_wconf 90' lang='lat' dir='ltr'><strong>unus</strong></span> <span class='ocrx_word' id='word_1_172' title='bbox 1041 2776 1277 2877; x_wconf 84' lang='lat' dir='ltr'><strong>plures</strong></span> <span class='ocrx_word' id='word_1_173' title='bbox 1323 2777 1596 2853; x_wconf 88' lang='lat' dir='ltr'><strong>odiosas</strong></span> <span class='ocrx_word' id='word_1_174' title='bbox 1642 2778 2156 2854; x_wconf 85' lang='lat' dir='ltr'><strong>criminationes</strong></span> <span class='ocrx_word' id='word_1_175' title='bbox 2199 2786 2272 2855; x_wconf 88' lang='lat' dir='ltr'><strong>et</strong></span> <span class='ocrx_word' id='word_1_176' title='bbox 2311 2779 2683 2855; x_wconf 90' lang='lat' dir='ltr'><strong>stultorum</strong></span> <span class='ocrx_word' id='word_1_177' title='bbox 2738 2776 3103 2855; x_wconf 87' lang='lat' dir='ltr'><strong>maledicta</strong></span> <span class='ocrx_word' id='word_1_178' title='bbox 3144 2785 3216 2852; x_wconf 91' lang='lat' dir='ltr'><strong>et</strong></span> <span class='ocrx_word' id='word_1_179' title='bbox 3270 2776 3563 2852; x_wconf 88' lang='lat' dir='ltr'><strong>malevo-</strong></span> 
     </span>
     <span class='ocr_line' id='line_1_19' title="bbox 511 2890 3569 2999; baseline -0.002 -24"><span class='ocrx_word' id='word_1_180' title='bbox 511 2898 736 2975; x_wconf 90' lang='lat' dir='ltr'><strong>lorum</strong></span> <span class='ocrx_word' id='word_1_181' title='bbox 785 2895 1096 2973; x_wconf 79' lang='lat' dir='ltr'><strong>eonvicia</strong></span> <span class='ocrx_word' id='word_1_182' title='bbox 1141 2897 1466 2996; x_wconf 84' lang='lat' dir='ltr'><strong>aequiore</strong></span> <span class='ocrx_word' id='word_1_183' title='bbox 1511 2890 1746 2973; x_wconf 89' lang='lat' dir='ltr'><strong>animo</strong></span> <span class='ocrx_word' id='word_1_184' title='bbox 1793 2898 1958 2974; x_wconf 92' lang='lat' dir='ltr'><strong>tulit</strong></span> <span class='ocrx_word' id='word_1_185' title='bbox 2007 2922 2220 2998; x_wconf 90' lang='lat' dir='ltr'><strong>quam</strong></span> <span class='ocrx_word' id='word_1_186' title='bbox 2268 2899 2815 2999; x_wconf 88' lang='lat' dir='ltr'><strong>Peerlkampius.</strong></span> <span class='ocrx_word' id='word_1_187' title='bbox 2913 2899 3297 2997; x_wconf 89' lang='lat' dir='ltr'><strong>Postquam</strong></span> <span class='ocrx_word' id='word_1_188' title='bbox 3346 2896 3569 2971; x_wconf 92' lang='lat' dir='ltr'><strong>edidit</strong></span> 
     </span>
     <span class='ocr_line' id='line_1_20' title="bbox 510 3014 3567 3120; baseline -0.003 -23"><span class='ocrx_word' id='word_1_189' title='bbox 510 3018 586 3096; x_wconf 83' lang='lat' dir='ltr'><strong>in</strong></span> <span class='ocrx_word' id='word_1_190' title='bbox 653 3018 882 3097; x_wconf 77' lang='lat' dir='ltr'><strong>lucem</strong></span> <span class='ocrx_word' id='word_1_191' title='bbox 947 3040 1158 3094; x_wconf 88' lang='lat' dir='ltr'><strong>suum</strong></span> <span class='ocrx_word' id='word_1_192' title='bbox 1228 3017 1614 3095; x_wconf 88' lang='lat' dir='ltr'><strong>Horatium</strong></span> <span class='ocrx_word' id='word_1_193' title='bbox 1632 3076 1655 3110; x_wconf 84' lang='lat'><em>,</em></span> <span class='ocrx_word' id='word_1_194' title='bbox 1717 3018 2030 3120; x_wconf 91' lang='lat' dir='ltr'><strong>undique</strong></span> <span class='ocrx_word' id='word_1_195' title='bbox 2089 3018 2370 3120; x_wconf 87' lang='lat' dir='ltr'><strong>agmine</strong></span> <span class='ocrx_word' id='word_1_196' title='bbox 2415 3018 2599 3096; x_wconf 78' lang='lat' dir='ltr'><strong>facto</strong></span> <span class='ocrx_word' id='word_1_197' title='bbox 2650 3018 2953 3119; x_wconf 89' lang='lat' dir='ltr'><strong>impetus</strong></span> <span class='ocrx_word' id='word_1_198' title='bbox 3002 3017 3075 3092; x_wconf 92' lang='lat' dir='ltr'><strong>in</strong></span> <span class='ocrx_word' id='word_1_199' title='bbox 3130 3040 3295 3092; x_wconf 89' lang='lat' dir='ltr'><strong>eum</strong></span> <span class='ocrx_word' id='word_1_200' title='bbox 3343 3014 3567 3090; x_wconf 88' lang='lat' dir='ltr'><strong>factus</strong></span> 
     </span>
     <span class='ocr_line' id='line_1_21' title="bbox 511 3135 3565 3239; baseline -0.002 -24"><span class='ocrx_word' id='word_1_201' title='bbox 511 3147 622 3216; x_wconf 85' lang='lat' dir='ltr'><strong>est</strong></span> <span class='ocrx_word' id='word_1_202' title='bbox 639 3196 660 3228; x_wconf 87' lang='lat'>,</span> <span class='ocrx_word' id='word_1_203' title='bbox 731 3138 1042 3237; x_wconf 87' lang='lat' dir='ltr'><strong>undique</strong></span> <span class='ocrx_word' id='word_1_204' title='bbox 1093 3137 1614 3238; x_wconf 88' lang='lat' dir='ltr'><strong>indignantium</strong></span> <span class='ocrx_word' id='word_1_205' title='bbox 1670 3139 1950 3214; x_wconf 89' lang='lat' dir='ltr'><strong>voculae</strong></span> <span class='ocrx_word' id='word_1_206' title='bbox 2001 3146 2073 3213; x_wconf 87' lang='lat' dir='ltr'><strong>et</strong></span> <span class='ocrx_word' id='word_1_207' title='bbox 2122 3140 2440 3239; x_wconf 88' lang='lat' dir='ltr'><strong>querelae</strong></span> <span class='ocrx_word' id='word_1_208' title='bbox 2486 3147 2557 3214; x_wconf 90' lang='lat' dir='ltr'><strong>et</strong></span> <span class='ocrx_word' id='word_1_209' title='bbox 2603 3138 2831 3214; x_wconf 83' lang='lat' dir='ltr'><strong>minae</strong></span> <span class='ocrx_word' id='word_1_210' title='bbox 2870 3137 2945 3212; x_wconf 90' lang='lat' dir='ltr'><strong>in</strong></span> <span class='ocrx_word' id='word_1_211' title='bbox 2992 3136 3329 3213; x_wconf 86' lang='lat' dir='ltr'><strong>audacem</strong></span> <span class='ocrx_word' id='word_1_212' title='bbox 3378 3135 3565 3210; x_wconf 87' lang='lat' dir='ltr'><strong>criti·</strong></span> 
     </span>
     <span class='ocr_line' id='line_1_22' title="bbox 511 3256 3571 3358; baseline -0.001 -24"><span class='ocrx_word' id='word_1_213' title='bbox 511 3281 678 3334; x_wconf 83' lang='lat' dir='ltr'><strong>cum</strong></span> <span class='ocrx_word' id='word_1_214' title='bbox 742 3281 882 3332; x_wconf 89' lang='lat' dir='ltr'><strong>non</strong></span> <span class='ocrx_word' id='word_1_215' title='bbox 939 3256 1390 3334; x_wconf 78' lang='lat' dir='ltr'><strong>convellenda</strong></span> <span class='ocrx_word' id='word_1_216' title='bbox 1437 3257 1958 3334; x_wconf 80' lang='lat' dir='ltr'><strong>convellentem.</strong></span> <span class='ocrx_word' id='word_1_217' title='bbox 2057 3257 2256 3333; x_wconf 87' lang='lat' dir='ltr'><strong>Libri</strong></span> <span class='ocrx_word' id='word_1_218' title='bbox 2305 3264 2379 3333; x_wconf 86' lang='lat' dir='ltr'><strong>et</strong></span> <span class='ocrx_word' id='word_1_219' title='bbox 2423 3257 2637 3334; x_wconf 89' lang='lat' dir='ltr'><strong>libelli</strong></span> <span class='ocrx_word' id='word_1_220' title='bbox 2682 3281 2889 3334; x_wconf 91' lang='lat' dir='ltr'><strong>omne</strong></span> <span class='ocrx_word' id='word_1_221' title='bbox 2938 3280 3165 3358; x_wconf 88' lang='lat' dir='ltr'><strong>genus</strong></span> <span class='ocrx_word' id='word_1_222' title='bbox 3210 3263 3571 3352; x_wconf 89' lang='lat' dir='ltr'><strong>tamquam</strong></span> 
     </span>
     <span class='ocr_line' id='line_1_23' title="bbox 513 3373 3568 3476; baseline -0.002 -24"><span class='ocrx_word' id='word_1_223' title='bbox 513 3375 652 3452; x_wconf 89' lang='lat' dir='ltr'><strong>tela</strong></span> <span class='ocrx_word' id='word_1_224' title='bbox 718 3375 793 3451; x_wconf 90' lang='lat' dir='ltr'><strong>in</strong></span> <span class='ocrx_word' id='word_1_225' title='bbox 868 3375 1140 3452; x_wconf 89' lang='lat' dir='ltr'><strong>hostem</strong></span> <span class='ocrx_word' id='word_1_226' title='bbox 1214 3376 1740 3476; x_wconf 87' lang='lat' dir='ltr'><strong>torquebantur.</strong></span> <span class='ocrx_word' id='word_1_227' title='bbox 1864 3379 2029 3476; x_wconf 90' lang='lat' dir='ltr'><strong>Ipse</strong></span> <span class='ocrx_word' id='word_1_228' title='bbox 2099 3375 2310 3452; x_wconf 82' lang='lat' dir='ltr'><strong>dixit:</strong></span> <span class='ocrx_word' id='word_1_229' title='bbox 2389 3378 2627 3453; x_wconf 74' lang='lat' dir='ltr'><strong>osolus</strong></span> <span class='ocrx_word' id='word_1_230' title='bbox 2686 3385 2925 3454; x_wconf 89' lang='lat' dir='ltr'><strong>contra</strong></span> <span class='ocrx_word' id='word_1_231' title='bbox 3004 3373 3219 3451; x_wconf 89' lang='lat' dir='ltr'><strong>millia</strong></span> <span class='ocrx_word' id='word_1_232' title='bbox 3294 3374 3368 3448; x_wconf 91' lang='lat' dir='ltr'><strong>in</strong></span> <span class='ocrx_word' id='word_1_233' title='bbox 3440 3373 3568 3448; x_wconf 87' lang='lat' dir='ltr'><strong>hac</strong></span> 
     </span>
     <span class='ocr_line' id='line_1_24' title="bbox 511 3493 3566 3598; baseline -0.002 -26"><span class='ocrx_word' id='word_1_234' title='bbox 511 3519 721 3572; x_wconf 82' lang='lat' dir='ltr'><strong>arena</strong></span> <span class='ocrx_word' id='word_1_235' title='bbox 785 3495 1158 3572; x_wconf 87' lang='lat' dir='ltr'><strong>consisto.’&#39;</strong></span> <span class='ocrx_word' id='word_1_236' title='bbox 1261 3494 1402 3570; x_wconf 86' lang='lat' dir='ltr'><strong>Sed</strong></span> <span class='ocrx_word' id='word_1_237' title='bbox 1447 3520 1630 3571; x_wconf 88' lang='lat' dir='ltr'><strong>unus</strong></span> <span class='ocrx_word' id='word_1_238' title='bbox 1677 3497 1924 3585; x_wconf 82' lang='lat' dir='ltr'><strong>home,</strong></span> <span class='ocrx_word' id='word_1_239' title='bbox 1990 3497 2106 3571; x_wconf 92' lang='lat' dir='ltr'><strong>cui</strong></span> <span class='ocrx_word' id='word_1_240' title='bbox 2149 3506 2394 3596; x_wconf 87' lang='lat' dir='ltr'><strong>pectus</strong></span> <span class='ocrx_word' id='word_1_241' title='bbox 2445 3497 2709 3598; x_wconf 86' lang='lat' dir='ltr'><strong>sapiat,</strong></span> <span class='ocrx_word' id='word_1_242' title='bbox 2766 3497 2843 3572; x_wconf 89' lang='lat' dir='ltr'><strong>in</strong></span> <span class='ocrx_word' id='word_1_243' title='bbox 2896 3495 3017 3570; x_wconf 90' lang='lat' dir='ltr'><strong>tali</strong></span> <span class='ocrx_word' id='word_1_244' title='bbox 3061 3519 3136 3568; x_wconf 89' lang='lat' dir='ltr'><strong>re</strong></span> <span class='ocrx_word' id='word_1_245' title='bbox 3190 3493 3566 3568; x_wconf 89' lang='lat' dir='ltr'><strong>multorum</strong></span> 
     </span>
     <span class='ocr_line' id='line_1_25' title="bbox 515 3603 3566 3693; baseline -0.002 -3"><span class='ocrx_word' id='word_1_246' title='bbox 515 3615 810 3690; x_wconf 84' lang='lat' dir='ltr'><strong>millium</strong></span> <span class='ocrx_word' id='word_1_247' title='bbox 867 3614 1088 3692; x_wconf 86' lang='lat' dir='ltr'><strong>instar</strong></span> <span class='ocrx_word' id='word_1_248' title='bbox 1147 3625 1274 3690; x_wconf 91' lang='lat' dir='ltr'><strong>est.</strong></span> <span class='ocrx_word' id='word_1_249' title='bbox 1377 3608 1564 3692; x_wconf 85' lang='lat' dir='ltr'><strong>Vicit</strong></span> <span class='ocrx_word' id='word_1_250' title='bbox 1627 3615 1838 3692; x_wconf 90' lang='lat' dir='ltr'><strong>unius</strong></span> <span class='ocrx_word' id='word_1_251' title='bbox 1905 3616 2164 3692; x_wconf 88' lang='lat' dir='ltr'><strong>sanitas</strong></span> <span class='ocrx_word' id='word_1_252' title='bbox 2215 3615 2577 3693; x_wconf 87' lang='lat' dir='ltr'><strong>hominum</strong></span> <span class='ocrx_word' id='word_1_253' title='bbox 2630 3603 3241 3692; x_wconf 87' lang='lat' dir='ltr'><strong>innumerabilium</strong></span> <span class='ocrx_word' id='word_1_254' title='bbox 3292 3611 3566 3686; x_wconf 90' lang='lat' dir='ltr'><strong>doctam</strong></span> 
     </span>
     <span class='ocr_line' id='line_1_26' title="bbox 513 3729 3562 3836; baseline -0.002 -29"><span class='ocrx_word' id='word_1_255' title='bbox 513 3742 588 3808; x_wconf 87' lang='lat' dir='ltr'><strong>et</strong></span> <span class='ocrx_word' id='word_1_256' title='bbox 649 3734 1000 3810; x_wconf 86' lang='lat' dir='ltr'><strong>indoctam</strong></span> <span class='ocrx_word' id='word_1_257' title='bbox 1059 3734 1555 3834; x_wconf 87' lang='lat' dir='ltr'><strong>insipientiam.</strong></span> <span class='ocrx_word' id='word_1_258' title='bbox 1655 3734 2006 3834; x_wconf 82' lang='lat' dir='ltr'><strong>Fatigavit</strong></span> <span class='ocrx_word' id='word_1_259' title='bbox 2049 3734 2358 3823; x_wconf 87' lang='lat' dir='ltr'><strong>hostem,</strong></span> <span class='ocrx_word' id='word_1_260' title='bbox 2407 3737 2826 3836; x_wconf 84' lang='lat' dir='ltr'><strong>quieverunt</strong></span> <span class='ocrx_word' id='word_1_261' title='bbox 2873 3734 3031 3820; x_wconf 85' lang='lat' dir='ltr'><strong>alii,</strong></span> <span class='ocrx_word' id='word_1_262' title='bbox 3077 3731 3195 3805; x_wconf 81' lang='lat' dir='ltr'><strong>alii</strong></span> <span class='ocrx_word' id='word_1_263' title='bbox 3240 3729 3329 3804; x_wconf 92' lang='lat' dir='ltr'><strong>ad</strong></span> <span class='ocrx_word' id='word_1_264' title='bbox 3384 3731 3562 3804; x_wconf 90' lang='lat' dir='ltr'><strong>sani·</strong></span> 
     </span>
     <span class='ocr_line' id='line_1_27' title="bbox 515 3847 3569 3954; baseline -0.002 -24"><span class='ocrx_word' id='word_1_265' title='bbox 515 3863 734 3930; x_wconf 88' lang='lat' dir='ltr'><strong>tatem</strong></span> <span class='ocrx_word' id='word_1_266' title='bbox 781 3853 1138 3928; x_wconf 73' lang='lat' dir='ltr'><strong>mdierunt</strong></span> <span class='ocrx_word' id='word_1_267' title='bbox 1153 3913 1174 3944; x_wconf 87' lang='lat'>,</span> <span class='ocrx_word' id='word_1_268' title='bbox 1223 3854 1478 3930; x_wconf 88' lang='lat' dir='ltr'><strong>caeteri</strong></span> <span class='ocrx_word' id='word_1_269' title='bbox 1514 3853 1854 3938; x_wconf 88' lang='lat' dir='ltr'><strong>iacebant.</strong></span> <span class='ocrx_word' id='word_1_270' title='bbox 1957 3852 2072 3928; x_wconf 86' lang='lat' dir='ltr'><strong>Sic</strong></span> <span class='ocrx_word' id='word_1_271' title='bbox 2114 3853 2577 3954; x_wconf 89' lang='lat' dir='ltr'><strong>Peerlkampii</strong></span> <span class='ocrx_word' id='word_1_272' title='bbox 2612 3853 2787 3927; x_wconf 90' lang='lat' dir='ltr'><strong>lenis</strong></span> <span class='ocrx_word' id='word_1_273' title='bbox 2824 3849 3161 3950; x_wconf 86' lang='lat' dir='ltr'><strong>sapientia</strong></span> <span class='ocrx_word' id='word_1_274' title='bbox 3202 3872 3289 3923; x_wconf 85' lang='lat' dir='ltr'><strong>ex</strong></span> <span class='ocrx_word' id='word_1_275' title='bbox 3324 3847 3569 3946; x_wconf 91' lang='lat' dir='ltr'><strong>iniquo</strong></span> 
     </span>
     <span class='ocr_line' id='line_1_28' title="bbox 515 3968 3561 4071; baseline -0.003 -21"><span class='ocrx_word' id='word_1_276' title='bbox 515 3968 889 4050; x_wconf 86' lang='lat' dir='ltr'><strong>certamine</strong></span> <span class='ocrx_word' id='word_1_277' title='bbox 934 3968 1176 4044; x_wconf 82' lang='lat' dir='ltr'><strong>victrix</strong></span> <span class='ocrx_word' id='word_1_278' title='bbox 1224 3970 1559 4047; x_wconf 87' lang='lat' dir='ltr'><strong>discessit.</strong></span> <span class='ocrx_word' id='word_1_279' title='bbox 1659 3969 1942 4046; x_wconf 86' lang='lat' dir='ltr'><strong>Nullius</strong></span> <span class='ocrx_word' id='word_1_280' title='bbox 1988 3968 2374 4069; x_wconf 87' lang='lat' dir='ltr'><strong>petulantia</strong></span> <span class='ocrx_word' id='word_1_281' title='bbox 2425 3971 2533 4046; x_wconf 80' lang='lat' dir='ltr'><strong>vel</strong></span> <span class='ocrx_word' id='word_1_282' title='bbox 2581 3970 2988 4071; x_wconf 85' lang='lat' dir='ltr'><strong>protervitas</strong></span> <span class='ocrx_word' id='word_1_283' title='bbox 3040 3968 3377 4042; x_wconf 87' lang='lat' dir='ltr'><strong>invictum</strong></span> <span class='ocrx_word' id='word_1_284' title='bbox 3414 3968 3561 4042; x_wconf 87' lang='lat' dir='ltr'><strong>ani·</strong></span> 
     </span>
     <span class='ocr_line' id='line_1_29' title="bbox 519 4087 3565 4190; baseline -0.002 -23"><span class='ocrx_word' id='word_1_285' title='bbox 519 4115 716 4168; x_wconf 90' lang='lat' dir='ltr'><strong>mum</strong></span> <span class='ocrx_word' id='word_1_286' title='bbox 785 4113 1014 4188; x_wconf 90' lang='lat' dir='ltr'><strong>neque</strong></span> <span class='ocrx_word' id='word_1_287' title='bbox 1075 4088 1344 4163; x_wconf 76' lang='lat' dir='ltr'><strong>vexavit</strong></span> <span class='ocrx_word' id='word_1_288' title='bbox 1386 4111 1616 4188; x_wconf 89' lang='lat' dir='ltr'><strong>neque</strong></span> <span class='ocrx_word' id='word_1_289' title='bbox 1655 4089 1956 4190; x_wconf 86' lang='lat' dir='ltr'><strong>graviter</strong></span> <span class='ocrx_word' id='word_1_290' title='bbox 1995 4089 2384 4164; x_wconf 88' lang='lat' dir='ltr'><strong>commovit.</strong></span> <span class='ocrx_word' id='word_1_291' title='bbox 2484 4091 2765 4165; x_wconf 86' lang='lat' dir='ltr'><strong>Leniter</strong></span> <span class='ocrx_word' id='word_1_292' title='bbox 2814 4089 2948 4164; x_wconf 90' lang='lat' dir='ltr'><strong>ista</strong></span> <span class='ocrx_word' id='word_1_293' title='bbox 2995 4088 3227 4162; x_wconf 89' lang='lat' dir='ltr'><strong>omnia</strong></span> <span class='ocrx_word' id='word_1_294' title='bbox 3277 4095 3349 4159; x_wconf 89' lang='lat' dir='ltr'><strong>et</strong></span> <span class='ocrx_word' id='word_1_295' title='bbox 3396 4087 3565 4162; x_wconf 90' lang='lat' dir='ltr'><strong>hila-</strong></span> 
     </span>
     <span class='ocr_line' id='line_1_30' title="bbox 519 4204 3563 4309; baseline -0.002 -24"><span class='ocrx_word' id='word_1_296' title='bbox 519 4211 684 4285; x_wconf 85' lang='lat' dir='ltr'><strong>riter</strong></span> <span class='ocrx_word' id='word_1_297' title='bbox 734 4206 1227 4286; x_wconf 89' lang='lat' dir='ltr'><strong>contemnebat</strong></span> <span class='ocrx_word' id='word_1_298' title='bbox 1289 4205 1394 4282; x_wconf 90' lang='lat' dir='ltr'><strong>vel</strong></span> <span class='ocrx_word' id='word_1_299' title='bbox 1461 4207 1694 4307; x_wconf 86' lang='lat' dir='ltr'><strong>potius</strong></span> <span class='ocrx_word' id='word_1_300' title='bbox 1712 4264 1734 4297; x_wconf 84' lang='lat'>‚</span> <span class='ocrx_word' id='word_1_301' title='bbox 1809 4217 1885 4283; x_wconf 93' lang='lat' dir='ltr'><strong>ut</strong></span> <span class='ocrx_word' id='word_1_302' title='bbox 1929 4206 2170 4284; x_wconf 87' lang='lat' dir='ltr'><strong>audire</strong></span> <span class='ocrx_word' id='word_1_303' title='bbox 2221 4217 2330 4281; x_wconf 91' lang='lat' dir='ltr'><strong>est</strong></span> <span class='ocrx_word' id='word_1_304' title='bbox 2378 4204 2468 4282; x_wconf 91' lang='lat' dir='ltr'><strong>ab</strong></span> <span class='ocrx_word' id='word_1_305' title='bbox 2521 4209 2657 4283; x_wconf 88' lang='lat' dir='ltr'><strong>illis</strong></span> <span class='ocrx_word' id='word_1_306' title='bbox 2700 4208 2825 4309; x_wconf 91' lang='lat' dir='ltr'><strong>qui</strong></span> <span class='ocrx_word' id='word_1_307' title='bbox 2869 4207 3117 4283; x_wconf 88' lang='lat' dir='ltr'><strong>intima</strong></span> <span class='ocrx_word' id='word_1_308' title='bbox 3164 4205 3315 4281; x_wconf 89' lang='lat' dir='ltr'><strong>eius</strong></span> <span class='ocrx_word' id='word_1_309' title='bbox 3364 4205 3563 4279; x_wconf 84' lang='lat' dir='ltr'><strong>fami-</strong></span> 
     </span>
     <span class='ocr_line' id='line_1_31' title="bbox 519 4323 3568 4425; baseline -0.002 -20"><span class='ocrx_word' id='word_1_310' title='bbox 519 4328 812 4405; x_wconf 82' lang='lat' dir='ltr'><strong>liaritate</strong></span> <span class='ocrx_word' id='word_1_311' title='bbox 879 4327 1262 4404; x_wconf 81' lang='lat' dir='ltr'><strong>utebantur</strong></span> <span class='ocrx_word' id='word_1_312' title='bbox 1276 4384 1299 4416; x_wconf 89' lang='lat'>,</span> <span class='ocrx_word' id='word_1_313' title='bbox 1373 4351 1462 4401; x_wconf 91' lang='lat' dir='ltr'><strong>ne</strong></span> <span class='ocrx_word' id='word_1_314' title='bbox 1535 4326 2020 4402; x_wconf 88' lang='lat' dir='ltr'><strong>contemnebat</strong></span> <span class='ocrx_word' id='word_1_315' title='bbox 2095 4324 2383 4425; x_wconf 90' lang='lat' dir='ltr'><strong>quidem</strong></span> <span class='ocrx_word' id='word_1_316' title='bbox 2402 4384 2423 4415; x_wconf 86' lang='lat'>,</span> <span class='ocrx_word' id='word_1_317' title='bbox 2498 4329 2665 4425; x_wconf 88' lang='lat' dir='ltr'><strong>quia</strong></span> <span class='ocrx_word' id='word_1_318' title='bbox 2732 4327 2846 4401; x_wconf 81' lang='lat' dir='ltr'><strong>vix</strong></span> <span class='ocrx_word' id='word_1_319' title='bbox 2910 4327 3028 4401; x_wconf 89' lang='lat' dir='ltr'><strong>illa</strong></span> <span class='ocrx_word' id='word_1_320' title='bbox 3102 4323 3394 4400; x_wconf 67' lang='lat' dir='ltr'><strong>curabat⁴</strong></span> <span class='ocrx_word' id='word_1_321' title='bbox 3460 4324 3568 4398; x_wconf 90' lang='lat' dir='ltr'><strong>vel</strong></span> 
     </span>
     <span class='ocr_line' id='line_1_32' title="bbox 521 4443 3565 4548; baseline -0.003 -23"><span class='ocrx_word' id='word_1_322' title='bbox 521 4447 890 4548; x_wconf 82' lang='lat' dir='ltr'><strong>cogitabat.</strong></span> <span class='ocrx_word' id='word_1_323' title='bbox 990 4446 1282 4545; x_wconf 86' lang='lat' dir='ltr'><strong>Scripsit</strong></span> <span class='ocrx_word' id='word_1_324' title='bbox 1335 4447 1430 4520; x_wconf 86' lang='lat' dir='ltr'><strong>ad</strong></span> <span class='ocrx_word' id='word_1_325' title='bbox 1493 4446 1834 4521; x_wconf 76' lang='lat' dir='ltr'><strong>amicum:</strong></span> <span class='ocrx_word' id='word_1_326' title='bbox 1905 4444 2182 4519; x_wconf 77' lang='lat' dir='ltr'><strong>ustudia</strong></span> <span class='ocrx_word' id='word_1_327' title='bbox 2231 4453 2305 4519; x_wconf 91' lang='lat' dir='ltr'><strong>et</strong></span> <span class='ocrx_word' id='word_1_328' title='bbox 2351 4469 2661 4520; x_wconf 85' lang='lat' dir='ltr'><strong>rumores</strong></span> <span class='ocrx_word' id='word_1_329' title='bbox 2708 4455 2781 4520; x_wconf 93' lang='lat' dir='ltr'><strong>et</strong></span> <span class='ocrx_word' id='word_1_330' title='bbox 2834 4467 3181 4522; x_wconf 88' lang='lat' dir='ltr'><strong>sermones</strong></span> <span class='ocrx_word' id='word_1_331' title='bbox 3228 4443 3565 4517; x_wconf 91' lang='lat' dir='ltr'><strong>contemsi</strong></span> 
     </span>
     <span class='ocr_line' id='line_1_33' title="bbox 521 4561 3567 4700; baseline -0.002 -58"><span class='ocrx_word' id='word_1_332' title='bbox 521 4591 752 4664; x_wconf 84' lang='lat' dir='ltr'><strong>neque</strong></span> <span class='ocrx_word' id='word_1_333' title='bbox 825 4564 1116 4640; x_wconf 83' lang='lat' dir='ltr'><strong>verbum</strong></span> <span class='ocrx_word' id='word_1_334' title='bbox 1179 4566 1506 4700; x_wconf 83' lang='lat' dir='ltr'><strong>respondi</strong></span> <span class='ocrx_word' id='word_1_335' title='bbox 1565 4590 1794 4665; x_wconf 91' lang='lat' dir='ltr'><strong>neque</strong></span> <span class='ocrx_word' id='word_1_336' title='bbox 1861 4587 2172 4662; x_wconf 87' lang='lat' dir='ltr'><strong>unquam</strong></span> <span class='ocrx_word' id='word_1_337' title='bbox 2233 4563 2683 4663; x_wconf 90' lang='lat' dir='ltr'><strong>respondebo.</strong></span> <span class='ocrx_word' id='word_1_338' title='bbox 2690 4565 2735 4595; x_wconf 90' lang='lat'><strong>&#39;&#39;</strong></span> <span class='ocrx_word' id='word_1_339' title='bbox 2837 4566 3205 4645; x_wconf 83' lang='lat' dir='ltr'><strong>Quantum</strong></span> <span class='ocrx_word' id='word_1_340' title='bbox 3250 4563 3351 4636; x_wconf 88' lang='lat' dir='ltr'><strong>sic</strong></span> <span class='ocrx_word' id='word_1_341' title='bbox 3404 4561 3567 4636; x_wconf 83' lang='lat' dir='ltr'><strong>fecit</strong></span> 
     </span>
     <span class='ocr_line' id='line_1_34' title="bbox 523 4681 3437 4784; baseline -0.002 -24"><span class='ocrx_word' id='word_1_342' title='bbox 523 4685 774 4761; x_wconf 90' lang='lat' dir='ltr'><strong>melius</strong></span> <span class='ocrx_word' id='word_1_343' title='bbox 827 4691 900 4760; x_wconf 88' lang='lat' dir='ltr'><strong>et</strong></span> <span class='ocrx_word' id='word_1_344' title='bbox 955 4682 1126 4756; x_wconf 80' lang='lat' dir='ltr'><strong>vixit</strong></span> <span class='ocrx_word' id='word_1_345' title='bbox 1177 4685 1458 4759; x_wconf 87' lang='lat' dir='ltr'><strong>suavius</strong></span> <span class='ocrx_word' id='word_1_346' title='bbox 1505 4710 1719 4784; x_wconf 90' lang='lat' dir='ltr'><strong>quam</strong></span> <span class='ocrx_word' id='word_1_347' title='bbox 1773 4684 1833 4758; x_wconf 92' lang='lat' dir='ltr'><strong>si</strong></span> <span class='ocrx_word' id='word_1_348' title='bbox 1881 4682 2098 4759; x_wconf 88' lang='lat' dir='ltr'><strong>bonas</strong></span> <span class='ocrx_word' id='word_1_349' title='bbox 2145 4684 2347 4759; x_wconf 91' lang='lat' dir='ltr'><strong>horas</strong></span> <span class='ocrx_word' id='word_1_350' title='bbox 2393 4683 2722 4760; x_wconf 88' lang='lat' dir='ltr'><strong>inanibus</strong></span> <span class='ocrx_word' id='word_1_351' title='bbox 2770 4681 2936 4758; x_wconf 86' lang='lat' dir='ltr'><strong>rixis</strong></span> <span class='ocrx_word' id='word_1_352' title='bbox 2984 4681 3437 4783; x_wconf 83' lang='lat' dir='ltr'><strong>perdidisset!</strong></span> 
     </span>
    </p>

    <p class='ocr_par' dir='ltr' id='par_1_4' title="bbox 620 4799 3564 4904">
     <span class='ocr_line' id='line_1_35' title="bbox 620 4799 3564 4904; baseline -0.003 -18"><span class='ocrx_word' id='word_1_353' title='bbox 620 4803 818 4887; x_wconf 84' lang='lat' dir='ltr'><strong>Quid</strong></span> <span class='ocrx_word' id='word_1_354' title='bbox 873 4801 1100 4878; x_wconf 88' lang='lat' dir='ltr'><strong>dicam</strong></span> <span class='ocrx_word' id='word_1_355' title='bbox 1159 4801 1250 4878; x_wconf 89' lang='lat' dir='ltr'><strong>de</strong></span> <span class='ocrx_word' id='word_1_356' title='bbox 1318 4803 1608 4880; x_wconf 88' lang='lat' dir='ltr'><strong>eruditis</strong></span> <span class='ocrx_word' id='word_1_357' title='bbox 1668 4803 2128 4904; x_wconf 86' lang='lat' dir='ltr'><strong>Peerlkampii</strong></span> <span class='ocrx_word' id='word_1_358' title='bbox 2175 4802 2565 4896; x_wconf 85' lang='lat' dir='ltr'><strong>laboribus,</strong></span> <span class='ocrx_word' id='word_1_359' title='bbox 2632 4803 2720 4880; x_wconf 91' lang='lat' dir='ltr'><strong>de</strong></span> <span class='ocrx_word' id='word_1_360' title='bbox 2767 4804 2949 4880; x_wconf 79' lang='lat' dir='ltr'><strong>varia</strong></span> <span class='ocrx_word' id='word_1_361' title='bbox 2986 4813 3059 4880; x_wconf 93' lang='lat' dir='ltr'><strong>et</strong></span> <span class='ocrx_word' id='word_1_362' title='bbox 3104 4801 3357 4878; x_wconf 84' lang='lat' dir='ltr'><strong>diffusa</strong></span> <span class='ocrx_word' id='word_1_363' title='bbox 3403 4799 3564 4876; x_wconf 90' lang='lat' dir='ltr'><strong>doo-</strong></span> 
     </span>
    </p>

    <p class='ocr_par' dir='ltr' id='par_1_5' title="bbox 2880 4923 3232 4996">
     <span class='ocr_line' id='line_1_36' title="bbox 2880 4923 3232 4996; baseline 0 -36"><span class='ocrx_word' id='word_1_364' title='bbox 2880 4957 2890 4960; x_wconf 82' lang='grc'><strong>-</strong></span> <span class='ocrx_word' id='word_1_365' title='bbox 3127 4925 3173 4996; x_wconf 75' lang='grc'><strong>3</strong></span> <span class='ocrx_word' id='word_1_366' title='bbox 3189 4923 3232 4967; x_wconf 59' lang='lat'><strong>¹.</strong></span> 
     </span>
    </p>
   </div>
  </div>
 </body>
</html>
