4942 6175
1724 809 2279 880 ORATIO.
3407 812 3540 886 157

496 1026 693 1105 ribus
742 1027 1062 1100 naturam
1114 1045 1239 1122 per
1300 1042 1629 1120 magnam
1668 1019 1857 1095 orbis
1904 1025 2242 1094 terrarum
2288 1025 2556 1118 partem
2602 1021 3108 1120 contemplatus
3157 1031 3303 1113 est;
3357 1034 3539 1102 uter·

500 1171 639 1247 que
683 1168 962 1221 omnem
982 1201 1003 1232 ,
1054 1140 1286 1242 quoad
1339 1139 1489 1214 eius
1538 1140 1685 1215 fieri
1722 1149 1991 1240 poterat
2007 1200 2028 1231 ,
2076 1147 2186 1214 est
2224 1139 2606 1239 amplexus.
2673 1141 3084 1216 Germaniae
3107 1143 3323 1220 decus
3363 1144 3538 1222 illud

501 1265 802 1367 plurima
868 1287 1034 1340 sane
1090 1259 1527 1359 investigavit
1590 1267 1661 1334 et
1724 1260 2046 1358 protulit,
2114 1259 2203 1332 de
2254 1259 2512 1358 quibus
2576 1260 2676 1334 vir
2721 1262 3028 1336 Graecus
3083 1287 3173 1337 ne
3217 1265 3546 1364 cogitavit

502 1386 810 1486 quidem.
910 1381 1051 1458 Sed
1082 1405 1261 1516 quae
1299 1379 1433 1454 fuit
1479 1378 1889 1480 Hippocrati
1920 1379 2545 1454 instrumentorum
2583 1380 2810 1454 omnis
2847 1382 3160 1480 generis,
3209 1382 3542 1462 librorum

504 1505 915 1605 scriptorum
961 1501 1199 1636 copia,
1248 1543 1346 1559 -
1391 1522 1572 1598 quae
1624 1496 2145 1572 Humbcldtio?
2194 1541 2293 1554 -
2341 1497 2482 1572 Hic
2526 1497 2834 1596 plurium
2876 1501 3306 1578 saeculorum
3346 1530 3540 1604 mag-

502 1647 891 1721 norumque
956 1620 1304 1707 virorum,
1374 1618 1497 1716 qui
1565 1643 1688 1716 per
1744 1616 2015 1693 saecula
2058 1617 2176 1692 illa
2220 1616 2540 1692 vixerunt
2589 1626 2662 1691 et
2699 1629 2989 1694 naturae
3034 1621 3548 1722 investigationi

504 1769 781 1845 operam
864 1739 1253 1828 dederunt,
1322 1737 1783 1838 experientia,
1850 1746 2187 1837 apparatu
2262 1735 2575 1836 quolibet
2619 1735 3234 1829 instructissimus;
3289 1784 3387 1799 —-
3431 1743 3550 1818 ille

504 1861 1021 1938 observatorum
1080 1858 1155 1932 in
1224 1856 1355 1932 hoc
1408 1881 1659 1956 genere
1704 1855 1969 1956 primus
1986 1914 2007 1945 ,
2060 1880 2199 1930 non
2245 1857 2467 1955 magis
2513 1856 2892 1930 instructus
2943 1882 3157 1956 quam
3205 1861 3554 1937 eiusmodi

506 2007 737 2060 rerum
799 1977 1398 2078 indigentissimns
1460 1977 1759 2076 quisque
1781 2034 1802 2065 ,
1860 1975 2093 2051 omnia
2170 1976 2315 2050 suis
2369 1976 2621 2050 mentis
2669 1984 2740 2048 et
2783 1976 3000 2051 animi
3044 1978 3328 2058 dotibus
3354 2040 3375 2071 ,
3425 2007 3552 2058 suo

516 2102 763 2180 debuit
802 2098 1056 2176 studio.
1160 2097 1357 2171 Sitne
1372 2154 1394 2184 ,
1444 2120 1700 2194 quaero
1720 2151 1741 2184 ,
1790 2096 1865 2169 in
1920 2095 2066 2170 viro
2118 2097 2381 2170 Graeco
2420 2094 2686 2194 ingenii
2728 2096 3149 2191 praestantia
3165 2099 3201 2173 Ρ

607 2225 890 2321 Itaque,
957 2217 1146 2317 quod
1192 2215 1530 2316 principio
1582 2214 1769 2303 dixi,
1818 2214 2281 2314 Hippocrates
2330 2213 2743 2290 observandi
2795 2221 2942 2290 arte
2987 2216 3286 2292 maxime
3329 2219 3550 2294 excel-

513 2342 687 2432 luit;
756 2340 931 2415 haec
997 2337 1149 2436 ipss
1214 2359 1372 2410 vero
1436 2335 1527 2410 ad
1595 2334 1943 2409 meliorem
2020 2333 2309 2415 curandi
2387 2333 2571 2408 viam
2637 2359 2849 2432 quam
2916 2359 3096 2433 qnae
3160 2337 3556 2436 aequalium

512 2460 925 2538 Cnidiorum
982 2456 1117 2531 fuit
1182 2455 1353 2554 quin
1422 2454 1734 2542 duxerit,
1786 2478 1875 2528 ne
1922 2452 2278 2528 dubitetis.
2378 2452 2554 2527 Vitii
2612 2453 2846 2528 statim
2866 2511 2887 2540 ,
2943 2455 3134 2553 quod
3167 2457 3554 2534 maximum

514 2581 591 2655 in
629 2577 1041 2653 Cnidiorum
1078 2573 1429 2672 therapeia
1462 2573 1687 2648 inesse
1727 2572 1872 2647 dixi
1896 2631 1917 2660 ,
1968 2574 2157 2672 apud
2192 2573 2389 2646 illum
2444 2595 2536 2646 ne
2575 2571 2944 2670 vestigium
2984 2574 3293 2672 quidem.
3393 2578 3465 2651 N
3465 2601 3555 2653 on

516 2697 893 2802 quaerebat
942 2693 1342 2768 morborum
1388 2693 1670 2768 nomina
1690 2751 1711 2782 ,
1763 2692 1887 2767 sed
1938 2689 2348 2767 observabat
2393 2715 2758 2790 aegrorum
2801 2692 3310 2784 conditionem;
3339 2720 3557 2772 ‚men-

517 2829 661 2896 tem
742 2813 1143 2892 advertebat
1212 2811 1303 2886 ad
1379 2811 1603 2887 morbi
1682 2819 1993 2910 tempora
2054 2810 2322 2884 diversa
2341 2869 2362 2898 ,
2432 2810 2522 2884 ad
2588 2809 3008 2886 mutationes
3066 2814 3424 2913 signorum
3485 2818 3560 2892 in

520 2936 872 3012 meliorem
894 2993 914 3024 ,
981 2932 1387 3008 deteriorem
1448 2938 1738 3029 partem.
1857 2928 2035 3004 Inde
2102 2929 2556 3004 indicationes
2576 2987 2598 3017 ,
2667 2953 2842 3026 quas
2894 2931 3414 3031 appellaverunt
3455 2961 3560 3012 re·

520 3056 857 3133 centiores
876 3113 897 3144 ,
959 3050 1240 3153 petebat
1290 3075 1527 3127 eorum
1548 3109 1569 3140 ‚
1607 3074 1789 3150 quae
1838 3050 1989 3125 fieri
2042 3050 2412 3139 deberent,
2464 3057 2536 3123 et
2583 3048 2952 3149 diligenter
2995 3050 3167 3127 dum
3226 3054 3558 3145 curabat,

522 3176 726 3278 quid,
763 3176 1059 3249 efficeret
1116 3172 1191 3246 id
1216 3231 1235 3259 ,
1303 3172 1493 3271 quod
1542 3179 1777 3270 ageret
1796 3228 1816 3259 ,
1864 3169 2316 3259 observabat,
2369 3182 2441 3244 et
2489 3194 2662 3244 num
2719 3168 2986 3245 iuvaret
3039 3171 3316 3249 videbat
3360 3183 3432 3249 et
3473 3200 3564 3251 ne

520 3302 797 3372 noceret
862 3291 1167 3368 cavebat.
1282 3293 1369 3367 In
1424 3291 1573 3365 eius
1630 3289 2031 3365 morborum
2080 3290 2628 3366 enarrationibus
2681 3314 2821 3364 non
2864 3288 3259 3388 frequenter
3301 3294 3561 3370 mentio

521 3414 703 3489 facta
768 3419 874 3486 est
926 3408 1391 3485 remediorum
1434 3407 2072 3484 administratorum
2085 3466 2106 3497 ,
2158 3432 2337 3508 quae
2384 3433 2493 3483 res
2554 3432 2772 3508 quum
2825 3410 2918 3485 ad
2962 3411 3279 3487 notitiam
3327 3438 3561 3513 perve-

520 3533 703 3608 niret
756 3530 967 3605 etiam
1034 3553 1270 3603 eorum
1293 3587 1313 3616 ,
1385 3528 1509 3627 qui
1558 3553 1944 3628 numquam
1986 3528 2137 3603 eius
2193 3528 2447 3628 scripta
2493 3528 2864 3627 legissent,
2916 3528 3142 3605 dicere
3189 3542 3563 3631 coeperunt

524 3652 1031 3750 Hippocratem
1102 3648 1277 3722 nihil
1344 3648 1567 3746 egisse
1586 3707 1606 3736 ,
1683 3649 1805 3723 sed
1887 3648 2155 3746 placide
2230 3648 2379 3723 sive
2436 3648 2742 3723 reditum
2799 3648 2889 3722 ad
2948 3649 3313 3725 sanitatem
3335 3708 3355 3739 ,
3422 3652 3564 3726 sive

524 3768 799 3845 obitum
872 3767 1380 3865 aegrotantium
1438 3767 1952 3865 exspectavisse.
2071 3769 2387 3845 Quorum
2470 3766 2644 3840 nihil
2701 3775 2808 3841 est
2859 3791 3117 3842 verum.
3218 3770 3304 3842 In
3353 3768 3567 3843 intro-

530 3885 861 3961 ductione
924 3882 997 3956 in
1064 3907 1241 3981 opus
1310 3883 1397 3956 de
1462 3883 1689 3959 diaeta
1755 3884 2090 3983 sapientia
2120 3885 2229 3983 ,de
2285 3885 2714 3960 instituenda
2775 3885 3072 3983 legimus
3136 3887 3439 3978 monita;
3493 3890 3567 3964 in

531 4004 932 4080 morborum
994 4026 1151 4076 vero
1208 4001 1509 4077 historiis
1573 4004 2077 4078 consentienter
2144 4030 2307 4081 cum
2362 4006 2472 4080 his
2561 4005 2842 4081 monitis
2896 4016 3113 4082 artem
3165 4032 3328 4084 eum
3373 4010 3568 4087 facti-

534 4132 799 4201 tantem
850 4120 1187 4197 videmus.
1288 4122 1439 4195 Neo
1488 4121 1780 4211 mirum3
1832 4146 1990 4197 nam
2036 4124 2385 4222 quomodo
2436 4124 2625 4200 idem
2675 4126 2778 4199 vir
2798 4182 2818 4214 ‚
2870 4128 2992 4224 qui
3039 4128 3109 4202 in
3151 4128 3568 4206 observatio·

534 4268 625 4319 ne
682 4241 1061 4343 practicum
1131 4266 1204 4316 se
1263 4240 1591 4340 praebeat
1637 4240 1967 4314 eximium
1988 4299 2008 4328 ,
2060 4242 2133 4316 in
2181 4241 2535 4317 curatione
2579 4242 2896 4341 ineptum
2969 4268 3042 4318 se
3103 4248 3569 4344 praestiterit?

535 4364 761 4438 Tanta
822 4386 985 4438 sane
1048 4360 1511 4461 repugnantia
1570 4358 1643 4434 in
1709 4359 2021 4433 eiusdem
2089 4360 2387 4446 hominis
2456 4360 2740 4461 ingenio
2801 4363 3089 4461 cogitari
3154 4366 3356 4464 plane
3425 4390 3565 4441 non

540 4488 787 4581 potest.
866 4500 873 4507 ·
2384 4488 2401 4507 ·
3269 4538 3274 4543 .

638 4599 836 4675 Haec
900 4600 1183 4698 quidem
1256 4600 1344 4675 de
1412 4599 1577 4675 Cois
1651 4609 1723 4673 et
1790 4598 2215 4673 medicorum
2285 4607 2590 4673 veterum
2669 4599 2866 4673 facile
2939 4600 3320 4699 coryphaeo
3389 4604 3576 4681 dicta

542 4726 771 4794 sunto.
874 4718 1183 4817 Tempus
1243 4745 1399 4795 vero
1461 4729 1662 4818 urget
1720 4729 1791 4792 et
1852 4726 2223 4815 supersunt
2271 4744 2491 4817 pauca
2507 4776 2528 4807 ,
2589 4720 2676 4793 de
2713 4719 2970 4818 quibus
3015 4721 3314 4795 breviter
3354 4724 3580 4799 absol-

541 4862 724 4913 vam.
824 4838 933 4911 De
1000 4836 1347 4936 chirurgia
1367 4896 1389 4926 ,
1460 4837 1549 4912 de
1616 4837 1957 4913 anatomia
1973 4894 1993 4926 ‚
2066 4837 2155 4912 de
2222 4836 2690 4938 physiologiae
2760 4841 3065 4941 vestigiis
3124 4841 3346 4940 prisco
3411 4870 3579 4920 aevo

544 4956 713 5033 haec
759 4956 1089 5056 accipite!
