4942 6175
1412 665 1543 734 164
2510 663 2578 732 F.
2639 665 2710 734 Z.
2771 659 3335 730 zanzulus

1500 871 1589 947 Iu
1654 871 2143 950 bibliothecam
2214 896 2460 948 novam
2528 871 2658 946 hoc
2705 893 2890 945 anno
2937 877 3104 944 sunt
3147 864 3502 954 translati,
3567 887 3744 962 quoe
3799 861 4176 937 Academia
4223 862 4446 962 possi-

1408 988 1568 1078 det,
1636 989 1814 1066 libri.
1934 991 2063 1066 Est
2128 1014 2293 1067 sane
2362 989 2756 1065 aedificium
2811 987 2987 1064 illud
3035 1009 3293 1062 novum
3343 983 3634 1084 pristino
3683 981 3886 1080 longe
3939 981 4324 1082 elegantius
4375 990 4455 1058 et

1408 1110 1631 1185 multo
1698 1110 1931 1210 aptius
1950 1167 1971 1198 ,
2044 1107 2218 1185 adeo
2284 1120 2365 1183 ut
2440 1107 2814 1185 satisfaciat
2895 1107 3054 1182 usui
3072 1165 3094 1195 ‚
3163 1104 3278 1181 cui
3341 1113 3448 1179 est
3519 1101 3969 1177 destinatum.
4081 1102 4454 1178 Librorum

1406 1229 1603 1328 copia
1660 1238 1865 1304 aucta
1917 1238 2025 1304 est
2044 1287 2063 1318 ‚
2114 1239 2457 1329 quantum
2505 1229 2655 1304 fieri
2699 1226 2928 1327 potuit
2947 1285 2967 1314 ,
3017 1223 3488 1300 subsidiorum
3531 1247 3664 1322 ope
3713 1220 4259 1320 pecuniariorum
4313 1247 4450 1296 non

1408 1348 1794 1448 largorum3
1846 1357 2051 1425 aucta
2096 1357 2205 1423 est
2252 1349 2461 1424 etiam
2517 1347 2989 1422 munificentia
3035 1344 3308 1420 illorum
3333 1401 3352 1432 ,
3403 1342 3528 1442 qui
3571 1341 4059 1417 bibliothecam
4105 1341 4451 1417 donarunt

1406 1466 1735 1567 operibus
1776 1467 2093 1567 pluribus
2141 1468 2568 1542 diversorum
2621 1474 2982 1542 auctorum
3029 1473 3100 1540 et
3144 1463 3312 1538 varii
3343 1461 3757 1562 argumenti.
3861 1461 4048 1536 Nota
4085 1471 4192 1535 est
4229 1463 4450 1536 omni·

1411 1585 1547 1662 bus
1613 1610 1859 1685 opera,
1926 1611 2109 1685 quae
2176 1587 2249 1660 in
2308 1611 2474 1662 cura
2533 1586 2684 1661 eius
2756 1585 3038 1685 ponitur
3111 1611 3156 1660 a
3213 1584 3356 1658 viro
3403 1581 3820 1671 clarissimo,
3869 1581 3996 1679 qui
4041 1581 4142 1656 illi
4193 1581 4448 1680 praefe-

1410 1713 1569 1780 ctus
1634 1716 1743 1780 est
1808 1715 1881 1779 et
1946 1707 2063 1780 cui
2126 1705 2395 1780 debitas
2459 1705 2736 1806 agimus
2799 1707 3058 1806 gratias
3128 1729 3254 1804 pro
3311 1701 3648 1802 regimine
3701 1702 3840 1790 rei,
3887 1701 4090 1778 ouius
4133 1703 4443 1778 omnium

1416 1824 1717 1900 multum
1768 1824 2077 1901 interest.

1511 1946 1911 2044 Apparatus
1996 1944 2618 2019 instrumentorum
2711 1942 3153 2042 physicorum
3174 2000 3195 2031 ,
3277 1939 3740 2015 chemicorum
3767 1996 3788 2027 ,
3865 1939 4402 2039 chirurgicorum
4424 1998 4445 2029 ,

1416 2063 1707 2138 aliorum
1772 2063 2093 2152 increvit,
2162 2063 2755 2161 quemadmodum
2809 2063 3182 2161 quotannis
3243 2059 3574 2136 nonnulla
3643 2059 3982 2134 accedunt
4033 2085 4158 2158 pro
4229 2061 4447 2135 subsi-

1410 2181 1685 2258 diorum
1749 2183 1956 2257 modo
1972 2215 1993 2271 ;
2044 2207 2182 2257 non
2232 2191 2465 2258 tamen
2514 2182 2778 2258 factum
2827 2193 2932 2257 est
2971 2181 3046 2256 iu
3103 2181 3214 2256 his
3233 2238 3254 2269 ,
3301 2180 3492 2281 quod
3545 2203 3732 2254 nunc
3777 2181 4140 2278 separatim
4187 2205 4443 2256 memo·

1408 2301 1706 2376 randum
1742 2302 1853 2376 sit.
1956 2301 2185 2377 Simili
2218 2311 2453 2378 autem
2497 2301 2706 2376 modo
2739 2325 2852 2376 res
2883 2326 2956 2375 se
3008 2301 3216 2376 habet
3255 2324 3417 2374 cum
3463 2323 3702 2374 museo
3749 2297 4070 2374 historiae
4093 2300 4437 2374 naturalis.

1511 2422 1621 2495 De
1684 2421 1835 2521 ipso
1908 2423 2105 2497 horto
2176 2421 2496 2497 botauieo
2541 2421 2716 2496 nihil
2762 2421 3048 2520 quidem
3101 2417 3543 2496 memorabile
3593 2419 3724 2494 hoc
3765 2441 3950 2492 anno
3993 2417 4218 2494 dicere
4255 2419 4444 2508 licet3

1416 2541 1541 2616 sed
1609 2541 1837 2616 adhuc
1899 2541 2123 2617 defuit
2191 2541 2586 2618 herbarium
2657 2538 3152 2616 academicum.
3264 2536 3818 2636 Prospiciebatur
3885 2546 4120 2613 autem
4183 2537 4444 2636 inopiae

1418 2685 1553 2736 usu
1584 2660 1809 2756 xillius
1828 2719 1849 2750 ,
1916 2661 2109 2758 quod
2166 2660 2266 2734 vir
2330 2659 2752 2735 clarissimus
2801 2683 2928 2732 van
2977 2659 3146 2733 Hall
3198 2681 3321 2756 per
3369 2657 3626 2732 multos
3667 2679 3886 2732 annos
3933 2681 3974 2730 e
4021 2656 4313 2732 diversis
4353 2683 4447 2731 re-

1417 2778 1743 2879 gionibus
1806 2778 1939 2852 sibi
2000 2778 2301 2878 collegit.
2400 2778 2840 2876 Nuperrimis
2903 2801 3060 2852 vero
3129 2756 3330 2852 annis
3385 2776 3611 2852 tribus
3667 2775 4064 2852 herbarium
4117 2775 4448 2852 eiusmodi

1416 2897 1624 2972 condi
1669 2908 1993 2998 coeptum
2040 2908 2183 2987 est,
2234 2923 2451 2998 quum
2503 2923 2543 2972 e
2588 2896 2868 2997 publica
2909 2897 3305 2973 collectione
3342 2900 3732 2996 plantarum
3777 2897 4182 2972 siccatarum
4205 2954 4227 2985 ‚
4273 2921 4444 2994 quae

1412 3017 2201 3117 Lugduni-Batavorum
2280 3028 2425 3108 est,
2493 3017 2964 3094 redundantes
3020 3017 3256 3119 copiae
3319 3017 3456 3093 huc
3539 3017 4120 3093 transmittantur.
4233 3017 4450 3091 Iocus

1418 3148 1651 3215 tamen
1672 3198 1693 3227 ,
1762 3138 1887 3214 ubi
1947 3140 2019 3213 id
2046 3198 2067 3229 ,
2133 3139 2325 3238 quod
2386 3141 2642 3215 sensim
2709 3138 3128 3237 acquiritur,
3191 3145 3667 3229 conservetur,
3735 3162 3878 3213 non
3933 3138 4177 3225 datur3
4225 3138 4448 3236 itaque

1417 3258 1813 3358 depositum
1839 3268 1945 3331 est
2024 3258 2095 3331 in
2154 3257 2445 3333 aedibus
2464 3316 2486 3347 ,
2535 3281 2711 3356 quas
2758 3255 3116 3333 botanices
3168 3258 3512 3358 professor
3559 3257 3847 3333 habitat.

1520 3376 1967 3451 Consti-uitur
2008 3387 2245 3453 autem
2294 3376 2785 3453 laboratorium
2835 3376 3384 3477 physiologicum
3429 3377 3868 3477 splendidum
3893 3436 3914 3467 ,
3991 3380 4182 3477 quod
4219 3379 4450 3454 acade-

1418 3496 1599 3571 miae
1671 3504 2075 3571 ornamento
2133 3497 2277 3572 fore
2337 3495 2819 3596 praevidemus
2869 3505 2942 3571 et
2989 3497 3182 3596 quod
3239 3498 3552 3597 proximo
3595 3522 3777 3574 anno
3817 3498 3909 3574 ad
3955 3524 4158 3575 usum
4201 3500 4445 3575 instru-

1418 3624 1611 3693 ctum
1660 3616 1805 3692 fore
1850 3642 2123 3715 sperare
2169 3617 2349 3693 licet.

1520 3736 1889 3810 Curatores
1946 3760 2225 3835 operam
2267 3738 2431 3810 dare
2477 3737 2806 3811 novimus
2861 3748 2940 3811 ut
2981 3736 3452 3811 nosocomium
3511 3736 3810 3835 amplius
3849 3746 3922 3811 et
3961 3739 4210 3813 melius
4250 3762 4452 3836 quam

1419 3878 1743 3953 praesens
1788 3856 2134 3930 aedificari
2178 3856 2416 3955 possit.
2525 3854 2992 3931 Vehementer
3028 3864 3356 3955 optamus
3397 3864 3478 3931 ut
3515 3856 3682 3931 haec
3727 3882 3834 3931 res
3871 3882 4192 3956 prospere
4235 3859 4452 3933 cedat.

1424 3972 1689 4047 Rerum
1758 3973 2181 4050 modicarum
2247 3974 2455 4050 facies
2521 3976 2592 4049 in
2656 3978 2880 4076 patria
2947 3985 3178 4051 nostra
3241 4000 3416 4052 nova
3481 3976 3633 4075 lege
3695 3977 3834 4051 lata
3885 3986 4150 4052 mutata
4195 3986 4335 4065 est,
4381 3982 4452 4049 et

1424 4114 1702 4165 necesse
1763 4100 1869 4164 est
1941 4101 2019 4165 ut
2096 4093 2358 4167 clinicis
2429 4094 3035 4170 exercitationibus
3103 4094 3330 4170 omnis
3380 4096 3652 4193 generis
3697 4095 3796 4172 ita
3837 4098 4286 4197 prospiciatur
4305 4155 4327 4185 ‚
4373 4104 4454 4170 ut

1425 4210 1641 4285 maior
1694 4211 2025 4286 numerus
2078 4214 2584 4309 aegrotantium
2635 4213 3106 4290 observandus
3153 4224 3224 4289 et
3283 4216 3682 4291 tractandus
3739 4216 4046 4293 medicae
4099 4216 4266 4292 artis
4315 4226 4455 4291 stu·

1422 4328 1635 4403 diosis
1685 4329 1991 4404 exhiberi
2041 4329 2279 4429 possit.

1521 4449 1762 4524 Defuit
1826 4450 2055 4526 adhuc
2110 4449 2245 4525 illis
2286 4451 2478 4527 locus
2529 4461 2600 4526 et
2651 4454 2960 4543 occasi0,
3013 4454 3167 4543 ubi,
3219 4456 3408 4553 quod
3461 4480 3638 4531 nova
3687 4456 3797 4531 lex
3852 4454 3942 4529 ab
3985 4456 4072 4531 iis
4115 4457 4453 4554 postulat,

1423 4568 1922 4645 medicamenta
1993 4570 2082 4644 ad
2150 4595 2512 4670 aegrorum
2585 4597 2790 4649 usum
2859 4598 2899 4648 e
2944 4573 3256 4649 formulis
3311 4574 3746 4674 praescriptis
3799 4600 4038 4676 parare
4093 4576 4451 4652 discerent.

1417 4688 1865 4787 Adiungetur
1930 4698 2167 4765 autem
2232 4692 2624 4767 nosocomio
2689 4694 3057 4792 apotheca,
3131 4694 3253 4767 ubi
3315 4696 3388 4770 iu
3462 4695 3589 4770 hac
3653 4696 4086 4794 pharmaciae
4145 4708 4342 4796 parte
4383 4722 4454 4771 se

1420 4832 1731 4883 exercere
1768 4818 2113 4907 poterunt.
2196 4810 2389 4885 Haec
2436 4811 2524 4886 de
2571 4813 2962 4889 studiorum
2998 4813 3479 4890 instrumentis
3519 4816 3704 4890 dicta
3745 4817 3991 4891 sunto!
