4942 6175
1022 1478 1485 1542 AGADEMIAE
1529 1477 2119 1540 GRONINGANAE
2160 1477 2664 1553 CURATORES,
2708 1478 3280 1552 PROFESSOBES,
3315 1480 3576 1555 clvES.

1090 1583 1261 1644 VIRI
1280 1580 1743 1643 AMPmssIMI
1757 1625 1773 1653 ,
1797 1580 2247 1642 CLARISSIMI
2261 1625 2279 1654 ‚
2300 1579 2914 1642 COMMILITON'ES
2935 1581 3578 1643 ExoP'rA‘risslun

1012 1704 1493 1768 QUICUMQUE
1553 1703 1963 1768 MUNERUM
2022 1703 2496 1776 DIGNITHE,
2541 1705 2698 1765 VEL
2751 1703 3272 1766 EBUDITIONIS
3311 1705 3578 1768 LAUDE

1086 1808 1493 1882 maleum,
1536 1809 1675 1870 1110
1719 1807 2077 1881 Amans,
2118 1806 2576 1868 AUDITORES
2617 1805 3192 1868 HUMANIssmn

636 2187 931 2264 Oultiori
993 2189 1245 2290 cuique
1308 2196 1517 2264 notus
1590 2198 1698 2264 est
1772 2189 2079 2264 Platonis
2148 2188 2220 2263 in
2298 2211 2504 2288 opere
2573 2189 2662 2264 de
2723 2213 2794 2262 re
2842 2185 3122 2287 publica
3175 2188 3368 2263 locus
3390 2247 3409 2277 ,
3463 2187 3591 2262 ubi

537 2308 717 2395 τοὺς
778 2306 1287 2395 ἀπαιδεύτως
1306 2363 1325 2400 ,
1377 2309 1629 2383 artium
1678 2316 1749 2384 et
1792 2307 2309 2408 disciplinarum
2354 2315 2706 2407 expertes,
2757 2315 3111 2406 comparat
3159 2333 3320 2383 cum
3368 2308 3589 2382 homi-

532 2425 744 2501 nibus
782 2426 857 2501 in
907 2429 1140 2529 amplo
1180 2436 1379 2503 antro
1428 2428 1871 2518 sedentibus,
1922 2452 2049 2502 nec
2098 2426 2482 2525 quidquam
2531 2425 3122 2525 conspicientibus
3147 2426 3280 2500 nisi
3310 2427 3591 2502 umbras

534 2569 983 2645 personarum
1050 2573 1133 2623 ac
1196 2571 1427 2622 rerum
1498 2572 1541 2622 a
1610 2556 1803 2647 tergo
1874 2545 2289 2622 versantium
2312 2604 2333 2635 ,
2404 2568 2632 2644 neque
2681 2543 2875 2619 aliud
2930 2545 3100 2643 quid
3146 2544 3594 2621 audientibus

538 2651 753 2764 quam
820 2690 1025 2742 sonos
1084 2666 1459 2742 earundem
1524 2667 1707 2741 vocis
1770 2689 2203 2765 repercussos
2266 2663 2648 2764 parietibus
2711 2662 2892 2738 antri
2909 2722 2930 2752 ,
2993 2664 3064 2737 in
3111 2688 3253 2764 quo
3303 2664 3592 2740 vinculis

538 2784 803 2859 detenti
868 2792 1052 2861 retro
1112 2786 1445 2886 respicere
1496 2792 1894 2884 nequeunt,
1956 2785 2056 2859 ita
2116 2791 2195 2859 ut
2254 2783 2480 2858 solum
2522 2807 2970 2883 personarum
3023 2809 3104 2859 ac
3154 2807 3384 2858 rerum
3437 2808 3590 2860 um-

535 2903 695 2980 bras
737 2906 997 2996 oculis,
1044 2949 1145 2966 —
1190 2913 1263 2982 et
1308 2904 1593 2982 auribus
1635 2905 1859 2981 solum
1908 2903 2078 2980 echo
2124 2903 2307 2979 vocis
2350 2927 2800 3003 personarum
2849 2903 3120 2978 illarum
3169 2903 3591 3004 percipiant·

535 3048 747 3124 quam
802 3025 891 3101 ab
948 3025 1213 3103 umbris
1258 3025 1393 3102 illis
1441 3025 1778 3125 proficisci
1826 3032 2098 3127 putant.
2156 3067 2254 3084 —
2306 3023 2514 3100 Hanc
2567 3023 2958 3126 philosophi
3007 3026 3592 3126 comparationem

534 3144 675 3219 iam
729 3144 822 3220 ad
862 3146 1197 3222 amussim
1245 3146 1520 3246 exigere
1564 3147 1724 3223 nolo
1741 3206 1761 3236 ‚
1814 3171 2035 3246 eoque
2081 3147 2313 3223 minus
2334 3206 2356 3235 ,
2406 3145 2573 3247 quia
2615 3144 2904 3222 ἄτοπον
2941 3144 3206 3245 aliquid
3255 3146 3322 3221 ei
3365 3146 3594 3221 inesse

544 3262 695 3365 ipse
736 3264 935 3339 Plato
974 3265 1230 3342 sentire
1271 3266 1561 3344 videtur.
1667 3268 1898 3368 Caput
1933 3276 2167 3343 autem
2205 3267 2304 3342 rei
2344 3274 2453 3343 est
2487 3266 2603 3341 illa
2640 3264 3004 3341 antithesis
3037 3264 3218 3340 inter
3257 3266 3354 3340 τά
3397 3267 3592 3342 ὄντα

540 3389 612 3457 et
675 3385 777 3460 τά
843 3382 1236 3465 δοκοῦντα
1259 3446 1279 3476 ,
1330 3387 1514 3463 inter
1564 3412 1709 3477 res,
1761 3412 1939 3487 quae
1986 3412 2143 3463 vere
2191 3388 2367 3476 sint,
2417 3394 2492 3463 et
2543 3410 2660 3463 eas
2681 3445 2702 3476 ,
2751 3411 2933 3485 quae
2983 3410 3134 3461 asse
3193 3384 3593 3473 videantur,

542 3528 755 3604 quam
822 3508 1081 3605 passim
1143 3507 1337 3605 apud
1394 3508 1781 3607 elegantem
1846 3508 2243 3607 scriptorem
2296 3508 2594 3608 legimus
2647 3515 2720 3581 et
2773 3531 2914 3605 qua
2961 3530 3049 3580 ex
3099 3528 3241 3603 quo
3287 3512 3424 3579 tem
3431 3528 3596 3603 pore

533 3624 801 3698 iuvenis
850 3624 977 3697 viri
1030 3648 1236 3724 opera
1280 3650 1693 3724 cognoscere
1741 3626 1935 3723 coepi
1984 3626 2082 3700 ita
2126 3649 2287 3706 sum
2343 3625 2726 3700 delectatus
2749 3681 2771 3712 ,
2823 3630 2903 3697 ut
2940 3630 3178 3720 postea
3201 3646 3242 3695 e
3265 3621 3594 3696 memoria

536 3764 921 3839 numquam
994 3742 1358 3819 excideret.
1478 3743 1629 3819 Nec
1692 3750 1924 3818 tamen
1993 3742 2289 3818 diffiteor
2344 3749 2570 3818 aetate
2633 3741 3034 3842 provectiori
3097 3740 3272 3814 mihi
3321 3747 3589 3815 metum

536 3860 911 3961 quemdam
978 3886 1129 3937 esse
1194 3862 1517 3939 obortum
1540 3922 1559 3952 ,
1622 3886 1713 3937 ne
1771 3861 1961 3960 quod
2016 3862 2105 3936 de
2149 3862 2433 3936 incultis
2481 3888 2561 3937 ae
2603 3860 2898 3935 rudibus
2937 3858 3170 3933 innuit
3211 3859 3408 3934 Plato
3431 3918 3450 3948 ,
3501 3858 3590 3934 de

540 3980 831 4057 eruditis
878 3981 1028 4081 pari
1066 3982 1217 4057 iure
1266 3981 1589 4060 affirmari
1635 3982 1854 4081 possit
1896 3988 1969 4057 et
2010 4006 2101 4057 ne
2140 3982 2375 4057 nullus
2422 3980 2516 4055 sit
2557 3980 2951 4055 mortalium
2970 4037 2991 4068 ,
3041 3978 3164 4077 qui
3211 4002 3364 4055 vere
3395 4003 3587 4078 prae·

539 4101 725 4177 dicet
802 4124 941 4176 non
1008 4100 1267 4202 passim
1336 4126 1413 4179 se
1478 4101 1781 4191 nubem,
1850 4107 1931 4177 ut
1985 4101 2225 4191 aiunt,
2273 4125 2399 4201 pro
2440 4102 2710 4176 Iunone
2759 4099 3103 4200 amplecti.
3203 4100 3322 4174 Ad
3375 4123 3587 4198 quam

546 4220 939 4319 opinionem
1003 4220 1179 4296 mihi
1241 4222 1781 4299 confirmandam
1834 4219 2211 4322 plurimum
2237 4280 2258 4312 ,
2308 4221 2385 4296 ni
2434 4220 2632 4295 fallor
2652 4279 2673 4310 ,
2741 4220 2957 4296 valuit
3001 4220 3440 4319 antiquorum
3499 4221 3589 4295 de

540 4346 723 4427 arte,
789 4364 1003 4438 quam
1069 4343 1393 4441 profiteor
1414 4402 1435 4434 ,
1506 4342 1836 4418 librorum
1893 4342 2095 4418 lectio
2141 4350 2213 4418 et
2265 4366 2429 4418 cum
2485 4340 2938 4416 recentissimi
2985 4340 3318 4438 temporis
3366 4338 3583 4412 medi-

538 4482 777 4534 corum
842 4460 1173 4558 operibus
1240 4462 1679 4565 comparatio.
1782 4461 2135 4539 Nimirum
2196 4462 2476 4561 quando
2525 4460 2668 4536 fata
2718 4459 2886 4535 artis
2931 4466 3004 4533 et
3043 4457 3391 4531 doctrinae
3441 4482 3586 4532 me-

543 4576 739 4652 dicae
795 4602 919 4678 per
984 4582 1409 4657 saeculorum
1454 4584 1823 4659 decursum
1873 4580 2076 4656 nobis
2124 4588 2752 4682 repraesentamus,
2805 4578 3122 4652 videmus
3171 4576 3244 4653 in
3297 4578 3588 4654 Graecia

541 4695 876 4798 principia
940 4698 1287 4775 exstitisse
1347 4724 1583 4777 eorum
1602 4760 1624 4792 ‚
1700 4724 1880 4799 quae
1946 4700 2202 4776 sensim
2260 4701 2486 4802 magis
2537 4698 2899 4799 magisque
2943 4696 3218 4773 exculta
3261 4706 3426 4772 sunt
3447 4756 3466 4786 ,
3517 4707 3588 4772 et

550 4816 639 4893 ab
690 4816 979 4915 antiquo
1028 4842 1197 4895 aevo
1240 4820 1403 4897 inde
1451 4821 1541 4894 ad
1583 4828 1818 4897 nostra
1859 4828 1998 4896 tem
2006 4844 2173 4922 pora
2212 4845 2436 4920 usque
2483 4820 2619 4895 alia
2655 4818 2927 4919 aliaque
2971 4826 3196 4894 aetate
3233 4818 3592 4919 opiniones

1985 4970 1988 4975 >
2454 4936 2459 4946 '
3108 4940 3202 5012 19
