4942 6175
1753 658 2312 728 ouA'rto.
3480 664 3566 730 m

605 871 988 947 (Ἀκούειν
1057 871 1132 946 in
1204 865 1430 947 vicino
1501 868 1768 970 oppido
1827 868 2118 944 morbus
2185 868 2412 969 gravis
2488 878 2559 944 et
2630 866 2985 969 postilena
3106 868 3373 947 Medici
3440 872 3559 948 alii

509 999 668 1087 post
731 990 900 1067 alios
983 1000 1107 1067 aut
1181 989 1374 1067 oneri
1447 989 1916 1065 succumbunt
1991 999 2116 1063 aut
2183 988 2350 1063 mali
2419 988 2739 1065 violentia
2808 988 3298 1069 absumuntur.
3408 992 3551 1071 Io-

504 1110 779 1209 plorant
851 1110 1146 1187 alienam
1219 1135 1442 1210 opem.
1556 1109 1750 1183 Nihil
1821 1108 2232 1183 imminente
2303 1106 2611 1207 periculo
2676 1108 3044 1184 deterritus
3106 1114 3553 1211 praestantis-

505 1229 726 1306 simus
793 1230 1204 1333 Verbrugge
1272 1254 1400 1305 nec
1464 1230 1646 1304 vitos
1687 1250 1860 1303 suae
1905 1245 2232 1329 perans,
2301 1227 2362 1303 it
2405 1236 2645 1318 contra
2690 1254 2942 1329 magno
2990 1230 3243 1309 animo.
3342 1235 3549 1310 Prae·

501 1350 754 1425 claram
827 1351 1096 1427 miseris
1168 1350 1332 1425 tulit
1395 1374 1618 1449 opem.
1723 1348 1864 1424 Sed
1934 1347 2105 1424 dum
2174 1347 2326 1423 aliis
2390 1354 2587 1448 parat
2648 1347 2941 1423 salutem
2963 1406 2984 1439 ,
3043 1350 3301 1426 amittit
3349 1378 3549 1431 suam

495 1476 572 1543 et
643 1468 744 1545 im
817 1484 950 1545 sua
1027 1470 1246 1545 animi
1321 1466 1741 1569 magnitudo
1813 1476 2034 1544 morte
2105 1466 2438 1545 constitit.
2560 1469 2809 1546 Quum
2884 1470 3298 1546 ostendisset
3375 1473 3549 1572 quid

497 1587 575 1662 in
653 1612 728 1663 se
813 1596 998 1666 esset
1079 1590 1290 1680 boni,
1381 1588 1626 1665 morfia
1698 1606 1868 1663 neos
1935 1587 2392 1676 Acadaemiao,
2476 1584 2921 1686 parentibus,
3000 1587 3275 1679 ambis,
3354 1612 3545 1691 enep-

493 1714 616 1783 tus
654 1710 790 1785 esta

590 1828 858 1905 Euctus
929 1829 1246 1905 omnium
1311 1829 1384 1904 in
1449 1838 1596 1905 tam
1661 1824 1844 1903 trini
1907 1826 2106 1903 clade
2161 1834 2535 1927 susceptus
2587 1828 2719 1903 hoe
2782 1826 3029 1903 habuit
3084 1836 3167 1903 ut
3228 1826 3305 1903 in
3360 1829 3543 1907 olm

492 1947 648 2023 luce
720 1957 1092 2049 poneretur
1156 1955 1500 2050 quantum
1565 1949 1780 2025 animi
1799 2010 1820 2041 ‚
1895 1956 2236 2050 quantum
2309 1946 2586 2022 virtutis
2606 2004 2627 2035 ‚
2700 1954 3043 2045 quantum
3114 1950 3543 2027 constantiae

490 2068 565 2142 in
631 2068 998 2146 iuventute
1061 2069 1480 2146 Academica
1539 2070 1816 2147 inesset.
1925 2070 2077 2145 Uno
2139 2070 2378 2145 avulso
2439 2092 2579 2143 non
2650 2066 2883 2141 deficit
2928 2066 3119 2143 alter.
3222 2070 3309 2143 In
3354 2070 3540 2147 illius

489 2189 716 2264 locum
783 2190 1020 2266 statim
1085 2190 1302 2267 subiit
1375 2189 1854 2266 ornatissimus
1913 2186 2190 2264 Simons
2209 2246 2230 2277 ‚
2297 2186 2412 2263 cui
2474 2186 2548 2261 in
2614 2184 2934 2261 morbum
2995 2184 3329 2288 implicito
3387 2214 3540 2265 suc-

485 2308 668 2385 cedit
723 2311 962 2386 statim
1004 2310 1489 2387 ornatissimus
1532 2309 2012 2409 Vinkhuyzen.
2111 2309 2392 2383 Bonum
2443 2306 2701 2381 factum
2764 2304 2953 2405 quod
3006 2331 3166 2381 mox
3209 2332 3249 2381 ο
3299 2308 3541 2385 morbo

484 2436 832 2505 recreatus
889 2429 1167 2505 Simons
1185 2487 1207 2519 ,
1267 2420 1355 2503 ‘ut
1414 2431 1720 2530 primum
1776 2428 2006 2529 potuit
2024 2486 2044 2517 ,
2095 2451 2374 2527 operam
2429 2425 2893 2500 intermissam
2944 2426 3268 2503 resumsit
3326 2426 3537 2505 felici·

488 2554 732 2648 terque
777 2548 1084 2649 perfecit.

581 2667 696 2743 Sic
759 2668 860 2743 illi
905 2666 1166 2769 egregii
1209 2668 1492 2743 iuvenes
1509 2724 1532 2757 ,
1595 2692 1772 2767 quos
1819 2666 1991 2741 mihi
2043 2666 2336 2766 contigit
2375 2665 2516 2741 iam
2572 2662 2883 2738 doctores
2936 2663 3271 2757 salutare,
3322 2665 3533 2745 decus

481 2793 553 2861 et
625 2785 904 2863 laudem
987 2785 1412 2863 mediocrum
1480 2795 1552 2862 et
1619 2786 1925 2887 reliquae
1984 2784 2440 2862 Academicae
2511 2782 2895 2860 iuventutis
2962 2792 3241 2861 strenue
3311 2788 3531 2863 vindi-

481 2913 816 2981 caverunt
888 2913 960 2981 et
1019 2908 1306 2983 ineunte
1369 2916 1596 2985 aetate
1674 2908 2129 2983 ostenderunt
2189 2906 2408 2983 bonas
2467 2893 2649 2981 ιιι-ιώ
2718 2929 2891 3005 quas
2967 2904 3532 3005 Angustissimus

481 3026 638 3102 Rex
683 3026 872 3128 regie
919 3026 1202 3129 agnovit
1251 3026 1676 3128 ornavitque.

571 3147 806 3224 Etiam
901 3148 1036 3224 alio
1117 3150 1326 3224 modo
1409 3147 1704 3225 studiosi
1777 3149 2246 3228 adolescentes
2313 3145 2729 3223 Academiae
2807 3145 3097 3244 gloriam
3176 3147 3523 3225 stabilive-

475 3275 660 3344 runt.
781 3267 870 3342 In
927 3267 1302 3344 certamine
1372 3269 1708 3346 Literario
1767 3267 2218 3345 Ultraiectino
2281 3265 2767 3343 ornatissimus
2830 3290 2893 3341 v.
2961 3266 3117 3341 Slee
3180 3264 3253 3343 in
3310 3293 3519 3370 quae-

475 3385 697 3462 stione
759 3385 1174 3488 'l'heologica
1237 3395 1309 3464 et
1371 3413 1518 3464 orn.
1580 3389 1964 3466 Bleekrode
2029 3388 2104 3464 in
2167 3387 2460 3488 Physica
2514 3386 2889 3464 secundam
2935 3387 3239 3486 palmam
3288 3413 3516 3488 repor-

474 3511 814 3585 taverunt.

568 3625 766 3700 Haec
825 3632 934 3699 est
997 3625 1248 3701 nobilis
1313 3626 1690 3727 palaestra,
1757 3628 1830 3702 in
1891 3653 2102 3728 quam
2160 3627 2377 3728 Regis
2439 3627 2910 3703 munificentia
2968 3624 3337 3724 quotannis
3395 3650 3509 3702 vo·

470 3744 722 3818 camini
803 3754 876 3819 ct
949 3745 1024 3820 in
1098 3770 1310 3846 quam
1383 3771 1502 3822 vos
1568 3772 1758 3824 nunc
1823 3773 1908 3824 eo
1979 3747 2203 3824 acrius
2270 3757 2342 3822 et
2400 3747 2691 3823 alacrius
2757 3747 2973 3822 invito
2995 3803 3015 3834 ,
3087 3744 3253 3844 quia
3318 3747 3507 3846 apud

466 3887 595 3938 nos
661 3863 849 3963 ipsos
920 3863 1010 3939 dc
1075 3865 1311 3964 palma
1379 3867 1853 3943 contendetnr.
1976 3867 2342 3966 Accingito
2414 3890 2488 3941 se
2567 3863 2981 3940 fortissimus
3048 3863 3345 3965 quisque
3413 3867 3504 3942 ad

466 3991 814 4059 certamen
883 3991 954 4057 et
1011 3983 1512 4084 circumspecto
1559 3986 1816 4062 iudicio
1863 3994 1933 4060 et
1975 3984 2320 4060 indefessa
2364 3983 2727 4062 industria.
2828 3983 3197 4084 Quidquid
3240 3985 3501 4066 bonum

464 4111 538 4178 ct
583 4103 954 4203 pulchrum
1001 4111 1110 4180 est
1155 4103 1474 4204 improbo
1521 4103 1754 4180 labore
1798 4112 2098 4204 paratur.

561 4222 676 4298 Sic
757 4231 908 4298 esto
989 4233 1329 4324 perpetua
1420 4223 1835 4300 Academiae
1916 4233 2188 4300 nostrae
2279 4223 2430 4299 laus
2516 4233 2590 4298 et
2669 4222 2885 4298 honos
2901 4282 2920 4312 ‚
3010 4249 3145 4301 non
3223 4233 3495 4304 tantum

467 4351 686 4418 vestra
771 4342 1163 4444 frequentia
1183 4401 1204 4434 ,
1291 4344 1413 4420 sed
1489 4345 1730 4421 vestris
1802 4343 2084 4444 optimis
2165 4343 2436 4419 artibus
2517 4343 2965 4444 moribusque
2987 4402 3008 4433 ‚
3096 4345 3455 4422 honestate
3474 4407 3495 4438 ‚

459 4460 864 4538 assiduitate
881 4521 903 4553 ,
985 4464 1458 4541 Professorum
1530 4464 1963 4540 observantia
1979 4521 2000 4552 ‚
2069 4463 2458 4539 studiorum
2525 4486 2776 4538 amore.
2898 4461 3013 4537 Sic
3076 4487 3275 4539 meus
3336 4490 3494 4542 suc-

457 4605 684 4656 cessor
753 4580 950 4656 dabit
1009 4583 1202 4658 vobis
1273 4584 1746 4662 testimonium
1765 4642 1787 4674 ,
1853 4583 2044 4684 quod
2105 4607 2236 4683 ego
2291 4581 2543 4658 lubens
2606 4580 2797 4656 vobis
2857 4581 3244 4681 impertior:
3316 4585 3491 4664 Rec-

460 4707 759 4776 toratum
813 4698 990 4776 mihi
1056 4700 1327 4778 facilem
1391 4703 1650 4781 fecistis
1692 4703 1794 4780 ita
1839 4711 1920 4779 ut
1955 4701 2148 4804 gravi
2185 4701 2304 4779 illo
2349 4724 2635 4778 munere
2675 4724 2901 4778 essem
2942 4711 3227 4780 ornatus
3272 4709 3493 4808 magis

457 4845 668 4921 quam
717 4828 1068 4899 oneratus.

3005 4943 3113 5018 4·
