4942 6175
1722 670 2281 739 ORA'rto.
3411 677 3541 746 113

597 878 801 955 Quae
843 872 1129 975 quidem
1174 875 1637 952 consideranti
1686 877 1859 953 mihi
1876 937 1897 967 ,
1952 879 2364 970 Auditores,
2415 883 2885 980 quaerendum
2930 907 3082 959 esse
3128 884 3353 960 visum
3396 895 3540 976 est,

495 1020 583 1072 an
644 995 786 1072 sint
846 996 918 1071 in
983 995 1205 1097 patria
1267 1003 1501 1071 nostra
1560 996 1687 1070 viri
1750 995 1885 1084 illi,
1952 998 2210 1096 quibus
2276 999 2367 1074 ab
2430 1001 2582 1099 ipso
2630 1003 2885 1100 populo
2928 1003 3162 1078 electis
3211 1003 3540 1080 mandata

496 1117 865 1217 descriptio
946 1118 1179 1217 legum
1250 1124 1392 1206 est,
1461 1139 1773 1192 summae
1838 1116 2153 1216 ignaviae
2214 1121 2619 1210 accusandi3
2687 1123 3164 1220 quaerendum
3225 1148 3376 1198 esse
3443 1125 3543 1198 vi-

498 1261 655 1314 sum
713 1246 854 1326 est,
904 1260 993 1312 an
1042 1237 1460 1312 Batavorum
1515 1235 1877 1334 progenies
1937 1236 2037 1311 ita
2085 1236 2638 1336 degeneraverit,
2697 1248 2780 1313 ut
2822 1264 3043 1338 quum
3083 1241 3187 1316 illi
3225 1242 3542 1342 Europae

503 1360 689 1458 leges
759 1367 831 1431 et
895 1357 1171 1432 foedera
1234 1355 1589 1444 dederint,
1657 1379 1843 1429 nunc
1900 1355 2041 1430 iam
2104 1381 2267 1454 prae
2318 1357 2627 1432 socordia
2681 1358 2793 1434 ius
2839 1359 3036 1434 civile
3081 1361 3545 1436 administrari

501 1487 574 1553 et
644 1485 846 1578 pacta
908 1482 1368 1551 mercatorum
1414 1475 1718 1550 ordinari
1771 1499 1909 1549 non
1956 1475 2241 1575 possint.
2344 1477 2507 1551 Non
2551 1476 2757 1552 credo
2776 1536 2796 1566 ,
2847 1478 3256 1570 Auditores,
3307 1505 3547 1556 verum

502 1607 586 1672 ut
646 1594 922 1696 legibus
986 1593 1076 1669 de
1138 1593 1313 1678 iure.
1353 1593 1535 1668 civili
1590 1600 1660 1669 et
1718 1593 1808 1667 de
1852 1595 2001 1669 iure
2053 1597 2455 1688 mercatorio
2509 1597 2730 1672 multa
2779 1597 3072 1687 desunt,
3135 1599 3236 1673 ita
3287 1599 3548 1697 aliquid

508 1717 745 1791 deesse
789 1713 993 1790 credo
1030 1713 1587 1790 institutionibus
1630 1715 1883 1790 nostris
1902 1774 1923 1805 ,
1973 1740 2097 1814 per
2130 1741 2303 1814 quas
2344 1717 2736 1792 emendatio
2777 1718 2930 1816 ipsa
2965 1716 3204 1817 legum
3235 1716 3552 1792 facienda

514 1845 639 1912 est.
740 1835 1009 1936 Regius
1066 1835 1428 1924 Minister,
1498 1835 1883 1910 innumeris
1935 1836 2233 1934 negotiis
2282 1837 2578 1912 obrutus
2595 1894 2618 1926 ,
2675 1837 2912 1937 legum
2965 1836 3556 1911 emendandarum

509 1956 788 2031 initium
850 1955 1071 2031 facere
1132 1979 1268 2029 non
1332 1962 1578 2055 potest.
1681 1955 1843 2031 Non
1893 1956 2097 2031 certis
2144 1958 2329 2032 enim
2388 1957 2820 2058 temporibus
2868 1956 3342 2031 emendandae
3395 1964 3560 2030 sunt

514 2077 701 2175 leges
724 2133 743 2165 ‚
816 2073 940 2149 sed
961 2134 982 2164 ,
1054 2074 1127 2148 id
1194 2073 1384 2174 quod
1454 2074 2079 2152 demonstravimus
2101 2136 2122 2166 ‚
2188 2085 2524 2176 perpetuo
2578 2086 2652 2151 et
2701 2076 2842 2151 fere
2887 2076 3216 2175 quotidie.
3317 2077 3526 2152 Foret
3541 2131 3560 2163 ‚

520 2197 579 2272 si
642 2195 817 2271 nihil
880 2203 1231 2294 praeterea
1291 2195 1355 2268 ei
1418 2197 1769 2292 agendum
1837 2203 2054 2283 esset,
2120 2193 2248 2269 hoc
2312 2195 2546 2293 ipsum
2615 2217 2874 2268 munus
2937 2194 3152 2269 totius
3223 2193 3522 2268 hominis
3543 2249 3564 2281 ,

518 2325 589 2391 et
678 2315 790 2389 vix
870 2313 1169 2389 hominis
1254 2313 1481 2388 unius.
1606 2313 1995 2412 Proponere
2070 2315 2526 2388 mutationem
2609 2313 3064 2388 necessariam
3087 2371 3107 2402 ,
3197 2311 3568 2386 defendere

524 2435 794 2535 scriptis
814 2492 835 2523 ,
895 2432 1235 2533 explicare
1272 2431 1578 2507 oratione
1622 2441 1693 2506 et
1734 2433 2217 2507 commendare
2266 2432 2652 2507 Ordinibus
2667 2491 2688 2521 ,
2733 2457 2861 2506 nec
2913 2432 3108 2531 parvi
3155 2433 3409 2506 laboris
3463 2439 3572 2504 est

525 2579 653 2630 nec
720 2551 957 2652 exigui
1027 2551 1377 2652 temporis.
1479 2553 1692 2631 Quod
1761 2551 1835 2627 ni
1900 2551 1996 2627 ita
2048 2561 2191 2640 est,
2256 2553 2425 2627 cedo
2475 2577 2754 2628 causam
2777 2610 2797 2642 ,
2849 2576 2973 2628 cur
3025 2575 3244 2626 unum
3292 2559 3570 2626 tantum

528 2681 597 2748 et
664 2673 955 2748 alterum
1030 2671 1220 2769 apud
1282 2695 1409 2744 nos
1472 2671 1700 2770 legem
1751 2670 2312 2769 corrigendarum
2360 2695 2691 2746 conamen
2741 2671 3005 2746 factum
3055 2670 3168 2745 sit.
3269 2669 3530 2744 Verum
3550 2725 3573 2757 ,

530 2792 799 2868 etiamsi
858 2790 1137 2890 Regius‘
1192 2790 1520 2866 Minister
1586 2789 1749 2864 huic
1809 2792 1910 2865 rei
1974 2815 2211 2866 vacare
2274 2799 2508 2890 posset
2525 2849 2546 2880 ,
2619 2791 2679 2865 si
2745 2791 2912 2865 satis
2980 2788 3106 2864 otii
3162 2789 3448 2864 haberet
3497 2796 3580 2865 ut

539 2913 773 3012 legum
820 2909 1287 2987 emendationi
1330 2911 1642 3007 animum
1686 2910 2113 2999 intenderet,
2162 2917 2393 2986 tamen
2442 2911 2531 2986 ab
2583 2910 2700 2985 illo
2740 2908 2814 2983 id
2863 2934 2990 2984 nec
3039 2909 3188 2984 iure
3245 2909 3580 3008 postulari

543 3055 669 3107 nec
735 3027 1129 3104 humaniter
1187 3028 1566 3128 exspectari
1634 3037 1921 3130 poterat.
2022 3029 2429 3128 Requiritur
2486 3031 2559 3106 in
2623 3030 2743 3105 illo
2801 3030 3196 3129 eloquentia
3245 3028 3354 3104 vel
3401 3036 3586 3104 certe

534 3149 793 3224 diserta
834 3149 1052 3224 oratio
1071 3208 1091 3237 ‚
1142 3174 1283 3249 qua
1319 3152 1585 3225 animos
1628 3174 1863 3248 regere
1906 3150 2162 3249 possit,
2213 3149 2586 3247 requiritur
2624 3150 3124 3251 gubernandae
3169 3148 3586 3248 reipublicae

535 3268 781 3368 peritia
800 3326 819 3357 ‚
894 3268 1017 3343 sed
1090 3294 1261 3345 usus
1328 3269 1617 3345 forensis
1637 3327 1657 3358 ‚
1735 3270 2019 3344 scientia
2072 3270 2242 3345 iuris
2262 3328 2282 3358 ,
2354 3272 2783 3346 consuetudo
2843 3270 3250 3370 quotidiana
3293 3268 3550 3345 civium
3565 3324 3590 3375 .

543 3387 1056 3490 peregrinorum
1075 3447 1095 3477 ,
1164 3399 1619 3465 mercatorum
1690 3391 2140 3489 requiruntur
2186 3390 2260 3464 in
2307 3390 2425 3465 illo
2443 3449 2463 3479 ,
2535 3392 2658 3490 qui
2707 3392 2894 3491 leges
2943 3391 3436 3465 emendaturus
3477 3388 3589 3462 sit.

537 3509 819 3585 Credite
896 3509 1102 3598 mihi,
1170 3509 1359 3584 aliud
1429 3516 1536 3583 est
1598 3509 2019 3609 reipublicae
2086 3510 2441 3585 consulere
2508 3520 2582 3585 et
2647 3535 2904 3610 magna
2975 3510 3127 3585 eius
3196 3507 3586 3606 intelligere

542 3630 904 3705 commoda
928 3686 949 3717 ‚
999 3628 1189 3703 aliud
1238 3653 1447 3727 parva
1492 3629 1893 3728 cognovisse
1941 3638 2014 3703 et
2060 3629 2349 3703 minutis
2402 3630 2658 3705 civium
2713 3626 3130 3702 utilitatibus
3183 3625 3590 3724 prospicere.

547 3750 642 3824 Et
690 3757 922 3823 tamen
974 3748 1283 3823 minutae
1332 3749 1487 3823 illae
1538 3749 1876 3824 utilitates
1927 3773 2221 3847 magnae
2271 3750 2471 3823 suntl

644 3866 935 3944 Accedit
974 3865 1166 3965 quod
1221 3866 1374 3965 ipsa
1433 3868 1851 3968 reipublicae
1901 3869 2303 3943 constitutio
2353 3875 2425 3941 et
2472 3865 2820 3941 Ordinum
2871 3865 3315 3939 Generalium
3371 3870 3598 3961 potes-

552 3997 663 4064 tas
685 4046 706 4077 ,
770 3986 1113 4086 praeclara
1164 3986 1479 4086 quamvis
1524 3996 1595 4061 et
1640 3988 1939 4062 maxime
1984 3986 2330 4062 laudanda
2348 4045 2369 4076 ‚
2436 3986 2798 4060 Ministros
2842 3984 3174 4083 impedit,
3224 3982 3598 4083 quominus

556 4109 711 4182 iura
756 4104 935 4181 bene
978 4114 1241 4182 curent.
1342 4106 1682 4181 Praesunt
1730 4105 1870 4182 fere
1916 4106 2106 4206 apud
2145 4130 2270 4180 nos
2315 4104 2524 4179 rebus
2569 4104 2670 4177 illi
2686 4162 2707 4193 ,
2760 4126 3058 4201 quorum
3105 4111 3259 4177 tum
3305 4102 3604 4178 maxime

556 4225 871 4327 partibus
937 4226 1243 4301 favetur:
1306 4226 1356 4298 ii
1420 4226 1641 4325 legem
1692 4226 1997 4324 rogaturi
2042 4233 2245 4300 antea
2296 4229 2697 4322 computare
2742 4220 2884 4296 fere
2928 4232 3222 4319 possunt
3273 4220 3602 4319 suffragia

558 4346 836 4421 illorum
856 4404 875 4435 ,
952 4346 1075 4445 qui
1142 4346 1518 4421 earundem
1585 4345 1887 4445 partium
1966 4354 2166 4433 sunt;
2238 4344 2488 4443 reliqui
2543 4366 2745 4442 saepe
2797 4340 3265 4416 adversantur.
3365 4340 3438 4413 N
3439 4340 3603 4414 olite

568 4464 880 4539 arbitrari
899 4521 920 4554 ,
985 4465 1397 4556 Auditores,
1466 4490 1581 4540 me
1640 4466 1935 4540 nimium
2001 4465 2247 4539 dicere.
2363 4462 2522 4538 Hoc
2572 4464 2726 4562 ipso
2787 4468 3099 4558 tempore
3147 4481 3287 4533 non
3336 4458 3411 4533 in
3455 4458 3607 4533 iure

571 4582 837 4682 privato
898 4584 1021 4657 sed
1070 4584 1142 4657 in
1200 4585 1351 4659 iure
1412 4584 1685 4683 poenali
1750 4584 2145 4681 exemplum
2203 4583 2539 4658 videmus.
2639 4582 2874 4657 Poena
2930 4578 3243 4679 capitalis
3265 4636 3286 4667 ,
3335 4577 3608 4678 legibus

570 4702 823 4777 nostris
896 4709 1162 4778 retenta
1179 4761 1200 4793 ,
1271 4703 1727 4802 plurimorum
1806 4704 2193 4777 nostrorum
2262 4702 2625 4777 hominum
2694 4700 2784 4774 de
2852 4698 3003 4773 iure
3085 4698 3445 4773 sententiis
3509 4698 3610 4773 ita

572 4845 761 4901 nunc
816 4829 929 4898 est
989 4822 1329 4899 contraria
1394 4830 1464 4899 et
1524 4845 1919 4922 repugnans
1936 4880 1955 4911 ,
2018 4829 2099 4897 ut
2154 4822 2625 4923 abrogandam
2684 4842 2834 4895 esse
2877 4840 3032 4894 eam
3081 4827 3155 4893 et
3201 4840 3611 4918 persuasum

3189 4942 3280 5013 15
