4942 6175
1451 664 1537 735 '18
2414 666 2811 733 saulus
2871 664 3533 735 Lacrlolwn.

1449 884 1524 948 e
1565 886 1614 945 1.
1657 884 1992 946 vanum
2057 873 2675 973 Trigonometriam
2732 873 3009 972 planam
3078 874 3306 949 tradet
3370 873 3643 972 dinque
3690 878 4107 973 argumetum

1547 992 1909 1080 tractabit,
1951 1018 2132 1091 quae
2173 993 2264 1067 ad
2309 993 2671 1069 Elementa
2708 992 3107 1069 Mathcseoa
3143 1000 3215 1067 et
3250 992 3347 1069 ad
3390 991 3908 1071 Plaaimetriam
3952 1016 4105 1093 pcr-

1544 1112 1808 1200 tinent,
1858 1111 2104 1187 diebus
2145 1111 2330 1187 Iovis
2375 1120 2446 1187 et
2488 1110 2775 1188 Saturni
2787 1168 4095 1202 ...................
4174 1112 4343 1193 hon
4388 1114 4483 1203 X,

1835 1239 1907 1305 et
1947 1230 2064 1305 die
2111 1230 2402 1309 Vneris
2419 1288 4107 1320 ........................
4173 1233 4277 1311 lx
4300 1240 4377 1309 ct
4400 1235 4477 1310 X.

1643 1349 2194 1426 stereometriam
2239 1360 2312 1425 et
2351 1351 2969 1451 Trigmometaeiam
3012 1352 3441 1451 sphaericam
3489 1350 3803 1441 docebit.
3850 1350 4103 1429 dicbus

1731 1470 1980 1545 Martis
2028 1479 2100 1545 ct
2146 1470 2372 1559 Iovis,
2447 1528 2468 1547 .
2548 1524 4089 1549 ......................
4278 1470 4475 1553 VIII.

1646 1588 2203 1664 Arithmetricam
2279 1590 2733 1667 universalem
2758 1649 2779 1680 ,
2812 1593 2824 1603 ’
2854 1590 2998 1667 sive
3062 1592 3483 1691 Algcbram,
3556 1588 3785 1667 tradet
3850 1588 4099 1667 <nehus

1737 1709 2068 1783 Mercurii
2117 1718 2189 1783 et
2237 1710 2529 1786 Veneris
2548 1764 4094 1801 ......................
4264 1708 4472 1799 VIII,

1833 1836 1904 1900 et
1953 1828 2065 1902 die
2117 1829 2298 1904 Iovis
2317 1884 4085 1917 .........................
4353 1830 4468 1906 IX.

1637 1948 2116 2025 Machanicam
2175 1949 2591 2049 analyticam
2648 1959 2945 2051 exponet
2990 1958 3069 2026 et
3112 1950 3379 2027 Calculi
3416 1948 3787 2049 lnmgralis
3825 1956 4093 2048 parwm

1733 2070 2155 2166 superiorem
2211 2069 2537 2145 tractabit
2554 2128 2575 2159 ,
2636 2068 2885 2145 dicbus
2934 2069 3184 2146 Martis
3228 2077 3299 2147 et
3346 2067 3679 2145 Mercurii
3699 2122 4085 2156 ......
4137 2068 4246 2145 IX
4284 2076 4357 2143 et
4390 2069 4467 2144 X.

1633 2185 1918 2262 Scholas
1965 2188 2464 2289 paedagogicas
2514 2187 2820 2264 habebit.

1433 2314 1498 2377 F.
1542 2314 1832 2376 KAISER
1871 2306 2384 2383 Astronomiam
2429 2306 2871 2384 theoreticam
2912 2306 3175 2395 tradet,
3206 2305 3457 2381 diebus
3486 2306 3727 2381 Lunae
3746 2362 3767 2393 ‚
3806 2303 4088 2393 Mart'u,

1529 2423 1860 2499 Mercurii
1899 2436 1970 2501 et
2019 2427 2238 2516 Iovis,
2318 2478 4085 2504 .........................
4352 2424 4463 2499 IX.

1625 2546 2142 2623 Astronomiam
2188 2548 2557 2647 practicam
2580 2604 2600 2634 ,
2652 2544 2899 2620 iisdem
2952 2542 3201 2619 diebus
3217 2600 3239 2631 ,
3318 2598 3335 2617 .
3408 2596 4077 2619 ..........
4384 2542 4463 2617 X.

1631 2667 1823 2739 Artis
1873 2666 2284 2741 observandi
2331 2665 2675 2741 exercitiis
2723 2663 3031 2763 quotidie
3080 2661 3393 2762 praeerit.

1625 2784 2140 2859 Astronomiam
2163 2842 2184 2874 ,
2227 2810 2438 2884 quam
2479 2784 2879 2884 popularem
2923 2790 3207 2871 vocant,
3256 2782 3487 2857 tradet
3524 2777 3771 2854 diebus
3804 2786 3877 2853 et
3902 2777 4085 2854 horis

1727 2903 2162 2979 auditoribus
2209 2904 2609 2981 commodis.

1425 3032 1492 3098 P.
1533 3032 1600 3094 L.
1643 3035 1872 3096 RIJKE
1947 3024 2314 3124 Physicam
2399 3023 3007 3124 experimenmem
3084 3020 3399 3110 docebit,
3478 3016 3726 3098 dicbus
3802 3016 4082 3109 Lunae,

1523 3141 1809 3231 Martis,
1861 3145 2227 3234 Mercurii,
2275 3144 2461 3220 Iovis
2510 3153 2581 3219 et
2628 3143 2959 3232 Veneris,
3040 3195 4077 3220 ...............
4305 3141 4460 3218 111.

1628 3262 1735 3335 De
1775 3262 2104 3361 Physices
2141 3264 2489 3364 capitibus
2530 3263 2799 3340 selectis
2838 3262 3049 3340 latius
3086 3269 3157 3338 et
3192 3260 3418 3336 fusius
3456 3257 3783 3346 disseret.
3832 3257 4087 3338 diebus

1711 3378 1955 3454 Lunae
1999 3387 2072 3455 et
2113 3381 2444 3466 Mercurii
2459 3432 4073 3470 .......................
4380 3379 4459 3454 X.

1625 3495 1992 3596 Physicam
2037 3501 2607 3578 Mathematicam
2658 3501 2927 3590 tradet,
2990 3437 3241 3576 diebus
3288 3497 3538 3576 Martis
3586 3505 3659 3574 ct
3707 3497 3931 3588 Iovis,
4366 3499 4460 3574 IL

1614 3619 2182 3720 Meteorologiam
2232 3630 2531 3720 exponet
2576 3621 2690 3697 die
2740 3621 2963 3708 Iovis,
3027 3674 4066 3696 ...............
4374 3619 4455 3692 X.

1612 3737 1976 3814 Exercitiis
2017 3736 2322 3840 physicis
2357 3742 2681 3840 practicis
2719 3739 3013 3842 praeerit
3058 3739 3391 3838 quotidie.

1422 3863 1512 3926 W.
1553 3865 1619 3926 F.
1660 3869 1731 3927 R.
1771 3870 2176 3932 SUBINGAB
2217 3861 2811 3961 Morpbologiam‚
2826 3860 3241 3937 anatomiam
3263 3865 3335 3934 et
3356 3855 3857 3958 physiologiam
3878 3855 4071 3955 plan·

1521 3982 1754 4046 tarum
1802 3985 2138 4072 exponet,
2183 3979 2436 4056 diebus
2484 3982 2772 4070 Martis,
2824 3979 3155 4056 Mercurii
3202 3987 3273 4054 et
3321 3979 3507 4054 Iovis
3526 4033 3547 4066 ,
3617 4025 4075 4054 .......
4394 3975 4450 4048 Ι.

1617 4091 2196 4192 Phytographiarn
2239 4106 2313 4173 et
2355 4101 2821 4176 taxonomiam
2862 4098 3172 4185 docebit,
3212 4097 3633 4195 selectasque
3676 4095 4065 4194 plantarum

1709 4209 2004 4287 familias
2053 4215 2459 4314 explicabit,
2512 4218 2761 4292 diebus
2794 4218 3037 4292 Lunae
3076 4225 3147 4290 et
3190 4215 3515 4304 Veneris,
3589 4270 3607 4291 .
3677 4272 3696 4290 .
3750 4271 3769 4292 .
3824 4269 3843 4290 .
3894 4271 3917 4290 .
3969 4268 3988 4289 .
4046 4272 4061 4288 .
4146 4213 4183 4288 Ι
4234 4219 4307 4286 et
4353 4211 4445 4285 II.

1613 4329 1799 4405 Cum
1846 4333 2174 4408 studiosis
2213 4336 2755 4434 provectioribus
2790 4336 2889 4410 rei
2918 4335 3267 4410 herbariae
3304 4334 3533 4433 capita
3560 4333 3809 4410 selecta
3835 4331 4062 4410 fusius

1705 4457 1995 4528 tractare
2045 4461 2325 4552 paratus
2369 4465 2478 4532 eat
2496 4515 2517 4547 ,
2567 4458 2733 4532 bora
2776 4455 3161 4532 commoda.

1613 4569 1956 4645 Exercitia
2011 4574 2306 4670 practica
2350 4577 2422 4649 in
2467 4584 2811 4651 structura
2856 4575 3249 4674 plantarum
3292 4593 3427 4670 ope
3468 4569 3896 4668 microscopii
3940 4593 4060 4646 ex·

1705 4688 2036 4786 ploranda
2083 4693 2585 4785 moderabitur,
2634 4695 2883 4771 diebus
2929 4694 3169 4770 Lunae
3216 4699 3287 4768 et
3334 4689 3584 4766 Martis
3595 4745 4053 4779 .......
4144 4683 4441 4766 11—1V.

1609 4806 2154 4884 Excursionibus
2196 4812 2531 4890 botanicis
2580 4813 2877 4913 praeerit
2910 4819 3219 4910 tempore
3254 4810 3554 4898 aestivo,
3608 4807 3718 4884 die
3749 4807 4057 4888 Saturni.
