4942 6175
1471 754 1914 824 lunlcla
1981 753 2518 825 ORDINUM.
3387 757 3526 824 221

578 965 666 1039 In
734 962 863 1039 hac
932 962 1247 1063 singulae
1315 963 1755 1061 quaestiones
1816 965 2110 1065 singulis
2172 965 2520 1065 capitibus
2569 970 2900 1040 tractatae
2923 1021 2944 1052 ,
3013 963 3090 1038 in
3141 964 3259 1039 illa
3300 965 3533 1064 plures
3575 1029 3579 1033 .

480 1107 625 1159 uno
672 1082 901 1184 capite
943 1083 1351 1160 coniunctae
1370 1141 1391 1174 ,
1456 1084 1531 1158 in
1586 1092 1885 1185 utraque
1928 1109 2050 1161 eae
2072 1143 2094 1176 ,
2161 1110 2337 1184 quas
2386 1086 2574 1160 Ordo
2619 1083 2926 1159 voluerat
2947 1141 2969 1174 ,
3019 1084 3410 1183 propositae
3463 1094 3538 1160 et

480 1203 835 1306 expositae
884 1210 1070 1280 sunt.
1216 1193 1223 1200 ’

584 1327 669 1400 In
716 1332 966 1400 neutra
1009 1348 1229 1422 aeque
1280 1323 1689 1424 placuerunt
1734 1327 1987 1400 omnia.
2090 1326 2474 1425 Utriusque
2524 1335 2836 1402 auctores
2880 1326 2954 1410 in
3004 1325 3420 1427 indagandis
3469 1334 3540 1402 et

482 1444 909 1544 explicandis
967 1443 1094 1532 iis,
1161 1467 1339 1542 quae
1404 1452 1717 1542 spectant
1772 1443 2051 1544 negotia
2094 1444 2409 1522 adhibito
2453 1443 2916 1542 telegraphiae
2963 1471 3098 1520 usu
3143 1454 3491 1523 contracta
3512 1505 3535 1538 ,

484 1571 557 1640 et
618 1563 869 1639 melius
941 1571 1013 1638 et
1077 1564 1334 1638 certius
1380 1564 1725 1662 progressi
1776 1565 2109 1653 fuissent,
2184 1563 2245 1638 si
2292 1564 2516 1662 magis
2563 1565 3021 1640 attendissent
3067 1568 3157 1642 ad
3202 1592 3284 1643 ea
3329 1576 3400 1644 et
3443 1569 3536 1645 ab

481 1685 571 1760 iis
646 1681 1201 1788 disquisitionem
1276 1683 1739 1782 incepissent,
1809 1707 1989 1782 quae
2055 1682 2453 1781 simpliciori
2519 1682 2968 1758 contrahendi
3031 1687 3246 1760 modo
3265 1743 3287 1776 ,
3358 1691 3540 1764 inter

482 1812 878 1908 praesentes
954 1810 1080 1880 aut
1148 1828 1271 1904 per
1332 1803 1595 1878 litteras
1642 1802 1983 1902 perfecto,
2033 1802 2361 1902 adaptata
2394 1812 2590 1886 sunt.
2693 1803 2964 1878 Deinde
3013 1829 3537 1906 nonnumquam

484 1923 1201 2027 argumentationibus
1274 1923 1385 1999 usi
1448 1933 1653 2012 sunt,
1720 1947 1901 2023 quae
1960 1947 2098 1998 non
2156 1933 2402 2022 sponte
2450 1949 2536 1998 ex
2584 1924 2686 1998 rei
2725 1934 2975 2001 natura
3021 1926 3270 2002 ductae
3314 1928 3543 2027 inqui·

484 2046 801 2122 rentibus
876 2070 949 2121 se
1016 2021 1394 2134 obtulisse,
1467 2041 1591 2118 sed
1660 2067 1785 2142 pro
1855 2045 1955 2118 rei
2028 2068 2240 2144 quam
2292 2043 2636 2144 putabant
2695 2046 3102 2122 necessitate
3150 2049 3542 2146 quaesitae,

483 2167 781 2266 ideoque
846 2166 1167 2242 inventae
1230 2189 1383 2240 esse
1454 2164 1855 2254 videantur,
1923 2165 2642 2264 argumentationibus
2681 2165 2918 2266 itaque
2943 2224 2964 2255 ,
3026 2192 3205 2266 quae
3263 2191 3399 2242 non
3451 2168 3547 2243 ad

486 2285 1039 2364 constituendam
1108 2283 1527 2359 sententiam
1602 2282 1965 2373 duxerint,
2034 2283 2157 2358 sed
2211 2285 2436 2359 multo
2486 2285 2708 2386 magis
2731 2344 2752 2376 ,
2817 2286 3090 2361 inverso
3136 2287 3376 2363 ordine
3420 2311 3542 2364 na·

490 2407 700 2482 turali
719 2465 741 2497 ,
812 2405 1307 2480 sustentandae
1382 2413 1455 2479 et
1526 2402 2001 2480 defendendae
2070 2406 2450 2480 sententiae
2520 2405 2662 2481 iam
2727 2406 3144 2482 constitutae
3203 2406 3542 2506 originem

490 2551 684 2603 suam
736 2526 1060 2602 debeant.

588 2649 674 2722 In
742 2647 1001 2746 quibus
1082 2646 1140 2721 si
1216 2669 1356 2721 non
1425 2644 1625 2720 liberi
1682 2645 2061 2720 manserint
2102 2671 2145 2720 a
2192 2645 2373 2720 vitiis
2394 2703 2415 2734 ,
2464 2645 2540 2720 in
2590 2670 2770 2744 quae
2817 2659 2888 2720 et
2937 2647 3054 2722 alii
3103 2647 3538 2740 inciderunt,

491 2769 617 2868 qni
682 2777 845 2843 ante
926 2792 1045 2843 eos
1111 2767 1201 2841 de
1274 2764 1403 2842 hac
1467 2789 1542 2840 re
1608 2773 1941 2865 egerunt,
2009 2764 2133 2839 viri
2187 2766 2498 2841 doctrina
2551 2764 2892 2856 celebres,
2943 2768 3260 2842 universe
3311 2777 3540 2844 tamen

483 2889 847 2964 materiam
911 2887 1078 2964 satis
1143 2886 1494 2962 difficilem
1550 2894 1621 2960 et
1670 2885 1895 2960 latam·
1934 2884 2107 2960 adeo
2156 2884 2604 2985 probabiliter
2645 2893 3191 2985 pertractarunt,
3244 2897 3322 2961 ut
3363 2912 3540 2988 opus

483 3008 906 3109 praestiterit
980 3017 1270 3109 uterque
1344 3032 1472 3082 sua
1547 3005 1753 3082 laude
1816 3005 2379 3106 dignissimum..
2432 3005 2934 3096 Quaestiones,
3015 3006 3273 3107 quibus
3345 3008 3540 3085 locus

484 3137 676 3221 erat,
726 3154 865 3205 non
916 3137 1425 3230 proposuerunt
1468 3137 1787 3217 tantum,
1842 3129 1965 3203 sed
2016 3129 2225 3203 etiam
2270 3136 2396 3203 aut
2444 3127 2748 3226 amplius
2790 3137 2914 3202 aut
2952 3127 3273 3219 brevius,
3309 3129 3548 3228 prouti

482 3274 598 3324 res
642 3250 815 3325 ferre
867 3249 1233 3326 videbatur
1253 3308 1274 3339 ,
1324 3256 1812 3348 exposuerunt.
1916 3248 2293 3324 Doctorum
2334 3248 2423 3323 de
2467 3247 2780 3323 subiecto
2818 3256 3230 3348 argumento
3269 3249 3541 3349 seriptis

484 3369 940 3468 iudicumque
1010 3370 1374 3444 sententiis
1438 3369 1805 3468 diligenter
1852 3368 2184 3446 adhibitis
2202 3427 2223 3459 ,
2276 3368 2496 3444 varias
2547 3368 2635 3443 de
2679 3367 2972 3469 singulis
3017 3368 3542 3469 quaestionibus

484 3489 845 3589 opiniones
900 3489 1293 3565 retulerunt
1361 3496 1433 3564 et
1498 3489 1585 3564 de
1634 3490 1721 3565 iis
1767 3489 2285 3580 iudicaverunt,
2336 3490 2507 3589 quid
2553 3488 2724 3588 ipsis
2777 3489 3123 3593 videretur
3170 3497 3241 3563 et
3285 3514 3542 3590 quare,

484 3608 881 3685 indicarunt
940 3617 1012 3684 et
1080 3610 1599 3709 explicuerunt,
1662 3612 1771 3685 ita
1823 3619 2057 3685 autem
2125 3611 2647 3708 explicuerunt,
2711 3616 2796 3684 ut
2857 3609 3065 3684 etiam
3111 3634 3246 3683 non
3307 3634 3539 3685 assen-

485 3728 825 3805 tientibus
871 3736 943 3805 et
986 3729 1243 3805 mentis
1294 3728 1663 3808 sollertiam
1711 3736 1783 3803 et
1830 3728 2069 3804 iudicii
2110 3728 2531 3803 alacritatem
2577 3726 3036 3826 probaverint.

588 3850 675 3923 In
750 3850 858 3925 bis
924 3848 1253 3925 omnibus
1320 3855 1553 3923 autem
1574 3906 1595 3937 ,
1668 3848 1728 3922 si
1801 3849 1975 3923 forte
2041 3850 2113 3922 in
2176 3848 2469 3947 singulis
2534 3846 3056 3944 quaestionibus
3115 3846 3542 3945 exponendis

490 3970 664 4047 alter
706 3970 903 4046 alteri
949 3970 1464 4070 praecelluerit,
1514 3968 1830 4044 universe
1876 3969 2148 4067 aequali
2196 3968 2401 4043 laude
2454 3967 2653 4066 digni
2700 3966 3010 4066 adeoque
3061 3991 3304 4066 parum
3362 3967 3543 4042 inter
3583 4023 3588 4029 .

491 4116 566 4166 se
642 4090 915 4167 differre
985 4090 1127 4165 visi.
1196 4096 1361 4165 sunt
1383 4150 1403 4179 ,
1484 4097 1564 4164 ut
1636 4096 1961 4164 neutrum
2036 4087 2234 4163 alteri
2305 4086 2832 4187 praeferendum
2904 4088 3246 4163 censuerit
3325 4088 3540 4167 Ordo.

489 4210 887 4310 Utrumque
956 4236 1165 4286 aureo
1234 4209 1541 4310 praemio
1613 4209 1907 4309 dignum
1978 4207 2309 4283 iudicavit
2328 4266 2347 4297 ,
2418 4208 2609 4307 quod
2658 4216 2888 4283 tamen
2912 4266 2933 4297 ,
2999 4234 3216 4307 quum
3265 4210 3543 4309 utrique

490 4332 777 4406 concedi
848 4355 987 4407 non
1057 4338 1337 4430 posset,
1405 4330 1603 4406 alteri
1658 4328 2073 4403 tradendum
2099 4385 2117 4416 ,
2182 4328 2379 4403 alteri
2434 4328 2744 4427 aequalis
2804 4328 3079 4403 honoris
3153 4330 3546 4404 testimonio

489 4451 1083 4551 compensandum
1150 4457 1316 4526 erat.
1417 4450 1577 4524 Utri
1642 4450 1921 4524 daretur
1970 4473 2303 4523 nummus
2360 4473 2611 4524 aureus
2633 4506 2654 4537 ,
2725 4450 2890 4521 sorti
2936 4449 3346 4547 permissum
3396 4458 3504 4523 est
3523 4483 3542 4539 3

488 4568 702 4670 priori
749 4567 1317 4645 commentationi
1366 4592 1512 4643 sors
1558 4567 1747 4643 favit.

596 4689 894 4766 Scidulis
946 4698 1240 4789 utroque
1290 4688 1761 4763 consentiente
1810 4688 2105 4786 apertis,
2160 4687 2367 4761 huius
2414 4694 2654 4761 auctor
2703 4686 3009 4761 innotuit

1744 4856 1989 4915 CAREL
2032 4857 2293 4926 ASSER,

1292 4954 1437 5011 Ino-ie
1482 4952 1799 5011 Candidatus
1832 4956 1890 5010 in
1923 4952 2201 5010 Academia
2234 4952 2740 5025 Lydum-Batava,
