4942 6175
1813 602 3621 728 OR'AT10.13

687 868 828 943 Sed
891 866 1110 955 eheu,
1173 868 1764 981 quemadmodum
1825 867 1986 942 olim
2038 876 2198 943 ante
2245 892 2464 943 annos
2507 868 3008 967 propemodum
3056 878 3393 943 trecentos
3438 867 3623 943 dicta

588 996 662 1064 et
723 990 906 1065 facta
971 988 1154 1063 inter
1201 1013 1276 1062 se
1322 988 1838 1087 congruebant,
1889 990 1988 1063 sic
2033 1014 2222 1064 nunc
2269 989 2462 1064 nullo
2512 988 2721 1063 modo
2772 989 2953 1063 facta
3008 988 3209 1063 dictis
3256 988 3623 1086 responde-

589 1102 804 1198 bant,
854 1118 924 1183 et
967 1108 1164 1183 litera
1210 1108 1463 1207 scripta
1507 1118 1740 1182 manet
1787 1132 1912 1205 pro
1961 1110 2355 1183 testimonio
2403 1108 2475 1182 et
2524 1108 2737 1207 probe
2784 1109 3061 1183 scivisse
3102 1108 3415 1184 homines
3452 1108 3623 1206 quid

589 1229 1054 1328 requireretur
1101 1227 1173 1302 et
1221 1252 1398 1325 quae
1448 1214 1824 1303 necessaria
1871 1238 2102 1301 essent
2149 1228 2482 1327 praestari
2535 1252 2669 1302 non
2721 1230 3049 1325 potuisse.

695 1351 861 1428 Quo
955 1348 1181 1446 plura'
1241 1346 1656 1421 Academiae
1723 1346 2420 1445 Lugduno-Batavae'
2478 1348 2813 1446 promissa
2877 1348 3194 1435 fuerunt,
3279 1372 3361 1423 eo
3433 1348 3632 1446 plura

593 1467 970 1567 aegerrime
1038 1463 1404 1539 desiderat.
1505 1466 1722 1539 Estne
1791 1490 2010 1563 opus,
2081 1468 2166 1540 A.
2215 1465 2352 1554 H.‚
2431 1467 2625 1540 vobis
2694 1468 2764 1541 in
2847 1468 3241 1541 memoriam
3318 1492 3629 1541 revocare

594 1584 998 1685 promissam
1048 1608 1198 1685 esse
1241 1582 1442 1659 nobis
1494 1584 1789 1659 aedificii
1832 1586 2232 1660 Academici
2277 1587 2811 1663 exstructionem
2872 1586 2999 1661 hac
3054 1589 3419 1661 Musarum
3472 1588 3637 1661 sede

595 1704 843 1804 digni?
953 1704 1233 1801 Ecquid·
1301 1704 1580 1778 creditis
1651 1704 2040 1781 aedificium
2110 1715 2343 1803 tantae
2422 1704 2905 1803 amplitudinis
2980 1708 3179 1781 nobis
3250 1705 3485 1785 deberi
3562 1714 3639 1780 ut

594 1833 866 1926 praeter
923 1824 1186 1923 reliqua
1247 1824 1478 1901 omnia
1531 1826 1604 1899 in
1670 1849 1872 1900 usum
1925 1826 2334 1902 Lectionum
2381 1828 2563 1901 intra
2616 1838 2839 1903 vastos
2886 1852 3049 1901 suos
3090 1829 3263 1901 fines
3309 1827 3635 1901 Museum

597 1944 1096 2031 Anatomicum·
1156 1952 1227 2019 et
1293 1944 1848 2045 Physiologicum
1917 1955 1987 2022 et
2052 1947 2577 2045 Pathologicum
2631 1957 2703 2021 et
2756 1948 3127 2045 Physicum
3156 2006 3175 2036 ,
3248 1948 3415 2045 quin
3470 1947 3643 2021 adeo
3742 2018 3751 2030 ,

599 2069 931 2142 Museum
990 2065 1314 2141 historiae
1382 2065 1712 2141 naturalis
1775 2065 2397 2164 complecteretur?
2493 2067 2983 2141 Parturiebant
3048 2069 3353 2142 montes!
3446 2066 3643 2145 Quid

599 2212 723 2287 per
769 2210 986 2261 annos
1035 2178 1543 2285 quinquaginta
1593 2194 1836 2261 natum
1889 2187 2056 2260 est?
2173 2270 2176 2273 ,

701 2306 839 2383 Sed
910 2305 1180 2381 leniunt
1248 2306 1432 2380 hunc
1498 2305 1800 2383 dolorem
1867 2305 2091 2381 dicam
2159 2330 2249 2381 an
2315 2306 2867 2405 indignationem
2932 2308 3283 2405 complura
3348 2332 3527 2403 quae
3576 2307 3647 2381 hi

603 2426 842 2501 decem
889 2425 1054 2499 anni
1094 2434 1294 2523 grata
1333 2434 1404 2499 et
1439 2434 1716 2521 accepta
1755 2426 2160 2499 attulerunt.
2265 2426 2466 2500 Grati
2508 2424 2871 2513 recolimus
2912 2426 3154 2499 merita
3195 2427 3643 2514 Curatorum,

605 2546 866 2645 quibus
932 2544 1268 2619 debemus
1325 2552 1397 2618 et
1463 2554 1732 2619 vastum
1795 2543 2188 2617 aedificium
2247 2543 2577 2617 Chemiae
2622 2550 2693 2615 et
2735 2542 3067 2638 Physicae
3116 2553 3187 2615 et
3238 2544 3647 2617 Anatomiae

607 2663 853 2739 usibus
898 2672 1370 2762 comparatum
1423 2670 1496 2736 et
1541 2662 1972 2761 splendidam
2027 2662 2376 2760 speculam
2425 2661 2980 2735 Astronomicam
3032 2672 3103 2737 et
3147 2664 3651 2739 Bibliothecam

604 2783 703 2857 ita
749 2790 1058 2858 ornatam
1107 2790 1180 2855 et
1222 2781 1629 2856 instructam
1655 2838 1674 2869 ,
1727 2792 1806 2854 ut
1849 2782 2211 2856 conveniat
2257 2806 2418 2855 cum
2464 2782 2579 2855 illa
2628 2782 3179 2879 magnificentia,
3232 2783 3457 2881 qualis
3490 2798 3649 2858 ante

559 2926 823 2978 -annos
905 2901 1414 2999 quinquaginta
1501 2909 1646 2977 erat
1719 2902 1794 2975 -in
1875 2901 2232 2977 hominum
2307 2902 2559 2975 animis
2628 2908 2699 2976 et
2763 2903 3289 3000 exspectatione.
3412 2906 3653 2979 Partes

605 3023 822 3123 igitur
871 3021 1244 3122 quaedam·
1281 3021 1618 3120 praeclare
1677 3021 1989 3122 expletae
2041 3029 2206 3097 sunt
2229 3072 2248 3111 ,
2323 3021 2444 3096 sed
2492 3021 2729 3120 cupidi
2772 3030 3251 3121 exspectamus
3301 3036 3379 3099 ut
3426 3034 3649 3100 totum

611 3151 926 3243 ponatur.

708 3261 1078 3360 Quidquid
1141 3269 1248 3336 est
1307 3269 1777 3336 constructum
1841 3262 1999 3336 novi
2020 3321 2041 3352 ,
2103 3261 2579 3336 desideramus
2624 3285 2896 3360 semper
2939 3262 3329 3337 aedificium
3389 3263 3655 3336 Acade·

613 3383 892 3458 micum.
994 3381 1468 3456 Ostendamne
1546 3381 1785 3456 multis
1853 3383 2076 3456 verbis
2143 3383 2382 3458 saltem
2458 3406 2713 3456 novum
2786 3381 3207 3484 auditorium
3284 3407 3429 3456 rem
3504 3405 3654 3456 esse

611 3527 748 3578 non
808 3501 1122 3578 luxuriae
1183 3525 1724 3600 supervacaneae
1781 3502 1904 3576 sed
1965 3526 2246 3601 prorsus
2309 3502 2822 3579 necessariam?
2914 3503 3120 3576 Stant
3179 3503 3409 3576 adhuc
3454 3502 3655 3576 solidi

613 3623 947 3722 parietes,
981 3604 1420 3720 'quamquam
1469 3630 1778 3696 vetustae
1813 3622 2052 3696 trabes
2088 3621 2559 3721 ingemiscunt
2596 3621 2807 3695 oneri.
2910 3621 2983 3694 Si
3032 3622 3337 3696 nondum
3384 3622 3655 3696 ruinam

615 3743 784 3848 haec
853 3741 1240 3829 minantur,
1311 3741 1368 3814 si
1436 3742 1523 3814 de
1585 3742 1726 3814 vita
1791 3742 2103 3817 nondum
2166 3742 2619 3830 dimicamus,
2684 3749 2757 3820 at
2812 3741 3001 3814 nuda
3055 3751 3125 3814 et
3168 3741 3397 3839 gelida
3442 3753 3511 3814 et
3550 3742 3656 3815 in·

617 3861 977 3961 hospitalia
1037 3862 1269 3936 omnia
1321 3871 1524 3938 sunt.
1627 3863 1879 3936 Musae
1945 3871 2218 3936 coactae
2259 3863 2542 3970 ’tristem
2601 3861 2832 3936 sedem
2880 3870 3151 3934 servant
3208 3861 3331 3934 sed
3379 3860 3659 3935 Gratiae

617 3983 780 4058 olim
831 3982 1294 4056 evolaverunt.

719 4104 812 4177 Et
886 4102 1005 4176 ubi
1077 4110 1242 4174 sunt
1316 4100 1786 4174 Professor-um
1854 4099 2248 4176 auditoria?
2320 4099 2589 4172 Passim
2634 4107 2783 4172 tota
2834 4099 3001 4173 urbe
3052 4100 3359 4199 dispersa
3401 4111 3473 4174 et
3514 4100 3656 4200 ple-

621 4245 832 4320 raque
893 4220 1124 4294 omnia
1185 4243 1268 4292 eo
1337 4226 1524 4293 statu
1575 4228 1821 4321 ornatu
1873 4220 2229 4318 cultuque
2262 4227 2342 4292 ut
2388 4219 2555 4297 satis
2597 4229 2923 4319 appareat
2972 4220 3387 4320 privatorum
3446 4221 3660 4295 facul-

575 4375 580 4378 ·
627 4350 804 4416 tates
851 4337 1128 4438 publica
1181 4337 1654 4415 munificentia
1701 4363 1852 4417 esse
1899 4332 2378 4414 sublevandas

723 4461 814 4534 Et
869 4467 1140 4557 praeter
1202 4457 1320 4533 illa
1381 4483 1582 4557 quae
1628 4457 1788 4532 olim
1849 4459 2098 4534 inertia
2151 4458 2498 4557 neglexit,
2566 4457 2699 4533 alia
2742 4470 2951 4557 atque
2998 4461 3131 4534 alia
3178 4485 3447 4559 semper
3490 4485 3679 4534 nova.

624 4580 877 4654 frustra
937 4579 1384 4676 requiruntur
1435 4586 1506 4651 et
1555 4585 1814 4674 augent
1859 4587 2252 4677 praesentes
2307 4577 2651 4652 molestias
2704 4587 2916 4677 atque
2964 4579 3419 4654 incommoda.
3522 4581 3660 4654 Do·

625 4699 794 4777 cuit·
823 4722 988 4774 usus
1009 4755 1031 4786 ,
1081 4697 1300 4772 iustas
1353 4696 1668 4796 querelas
1721 4722 1992 4796 semper
2046 4723 2195 4774 esse
2244 4697 2595 4774 iterandas
2648 4707 2723 4772 ut
2767 4699 2901 4796 aliq
2912 4698 3031 4773 uid
3074 4700 3197 4774 fiat
3244 4701 3428 4774 boni.
3514 4699 3665 4774 Ha-

631 4819 823 4898 bebit
883 4841 1044 4893 mox
1105 4817 1481 4896 Academia
1531 4817 1978 4916 Groningana
1997 4873 2018 4904 ,
2085 4817 2369 4893 babebit
2411 4817 2859 4908 Ultraiectina
2908 4817 3432 4894 Laboratorium
3478 4820 3661 4915 Phy-
