4942 6175
1762 665 2314 733 ORATIO.
3429 669 3556 733 11⁷

618 989 776 1064 Hoc
832 988 993 1063 Tibi
1045 1011 1325 1089 quoque
1391 1013 1877 1088 apprecamur,
1946 991 2051 1066 01.
2105 1014 2235 1066 van
2285 991 2652 1066 Oosterzee
2672 1049 2692 1080 ‚
2745 996 2867 1091 qui
2922 1001 3082 1069 ante
3130 994 3254 1070 has
3303 1019 3556 1093 paucas

522 1110 793 1186 dierum
860 1108 1332 1185 hebdomades
1394 1108 1651 1186 laetum
1721 1111 1917 1186 illum
1996 1109 2180 1185 diem
2246 1112 2742 1210 recognovisti,
2815 1137 2955 1211 quo
3027 1138 3186 1188 eum
3253 1113 3558 1189 Ecclesia

521 1231 918 1307 Christiana
973 1237 1046 1305 et
1107 1253 1271 1306 cum
1332 1231 1595 1329 optima
1644 1231 1795 1304 'I'ua
1842 1231 2073 1304 Uxore
2134 1229 2335 1305 binas
2382 1231 2600 1304 iniisti
2649 1233 2948 1331 nuptiae.
3051 1233 3346 1332 Utrique
3397 1255 3555 1308 con·

521 1353 673 1452 iugi
716 1375 917 1428 carus
964 1375 1079 1440 es,
1126 1350 1409 1449 utrique
1456 1350 1583 1424 diu
1632 1349 1958 1424 serveris!

620 1590 869 1676 Laeta,
942 1612 1120 1686 quae
1191 1587 1703 1664 Professoribus
1770 1589 2250 1688 contigerunt,
2318 1589 2668 1688 reputanti
2713 1589 2885 1663 mihi
2929 1615 3063 1680 non
3110 1591 3356 1665 silendi
3403 1603 3568 1666 sunt

522 1709 682 1786 novi
751 1708 1041 1784 honores
1064 1767 1083 1796 ,
1144 1707 1219 1783 in
1281 1710 1381 1783 'I'e
1430 1709 1659 1784 collati
1680 1768 1700 1799 ,
1754 1710 1859 1786 01.
1916 1709 2235 1786 Donders
2253 1767 2273 1798 ,
2327 1734 2538 1807 quem
2587 1710 3108 1784 Mexicanorum
3161 1711 3566 1808 Imperatori

526 1827 975 1926 Guadelupes
1041 1828 1329 1904 Ordinis
1390 1830 1696 1928 equitem
1764 1853 1991 1906 creare
2057 1830 2339 1929 placuit.
2440 1829 2739 1904 Felicem
2806 1829 2905 1903 'I'e
2970 1829 3326 1927 praedico,
3377 1830 3568 1928 quod

523 1949 868 2049 praeclara
914 1948 1067 2023 Tua
1112 1948 1355 2024 merita
1375 2006 1397 2038 ‚
1448 1973 1603 2024 mea
1643 1948 1849 2025 laude
1887 1950 2099 2049 longe
2142 1949 2404 2024 maiora
2424 2006 2445 2038 ,
2497 1948 2570 2022 in
2617 1949 2766 2024 dies
2803 1951 3026 2049 magis
3070 1949 3159 2024 ab
3201 1951 3526 2025 omnibus
3544 2009 3564 2039 ,

524 2067 791 2144 civibus
866 2075 937 2142 et
1006 2069 1259 2144 exteris
1281 2127 1302 2158 ,
1376 2068 1678 2144 subditis
1744 2078 1814 2144 et
1877 2069 2307 2168 principibus
2366 2080 2859 2168 agnoscuntur.
2956 2068 3358 2143 Feliciorem
3411 2093 3570 2144 vero

526 2188 715 2287 quod
778 2188 931 2264 Tua
990 2190 1091 2265 'I'e
1169 2189 1387 2264 virtus
1454 2188 1795 2264 nobilitat.
1897 2189 1986 2262 Id
2043 2198 2231 2264 certo
2284 2187 2542 2263 scimus
2565 2245 2586 2277 ,
2635 2188 2988 2289 ingentem
3044 2189 3264 2262 Tuam
3287 2247 3308 2278 ,
3357 2213 3572 2287 quam

528 2315 717 2382 totus
792 2317 1126 2384 terrarum
1203 2307 1391 2383 orbis
1458 2307 1799 2397 celebrat,
1876 2309 2255 2383 doctrinam
2316 2306 2748 2383 interituram
2811 2333 2961 2382 esse
3014 2333 3398 2408 numquam
3419 2365 3440 2398 ,
3499 2317 3572 2384 et

525 2428 681 2526 ipso
728 2427 1192 2501 Maximiliani
1238 2427 1531 2526 imperio
1587 2451 1979 2502 mansuram
2032 2451 2182 2502 esse
2230 2426 2674 2502 stabiliorem.
2919 2431 2946 2470 ‘

628 2665 759 2741 Est
802 2663 1011 2739 etiam
1059 2662 1365 2771 absentis
1416 2689 1554 2740 non
1606 2666 2105 2763 praetereunda
2158 2667 2283 2740 sed
2332 2665 2740 2740 celebranda
2785 2667 3110 2766 cogitatio
3169 2667 3316 2741 Viri
3337 2726 3358 2757 ‚
3410 2669 3531 2767 qui
3551 2726 3572 2757 ,

530 2809 749 2883 quum
814 2783 953 2858 iam
1001 2782 1271 2883 pridem
1315 2809 1358 2858 a
1406 2785 1609 2860 nobis
1654 2786 2082 2874 discesserit,
2135 2811 2287 2861 eam
2328 2795 2562 2860 tamen
2622 2785 2750 2858 Sui
2799 2787 3202 2862 memoriam
3261 2786 3574 2885 reliquit,

534 2913 615 2981 ut
683 2929 845 2980 eum
902 2927 1134 2979 amore
1196 2902 1685 2980 retinuerimus
1746 2915 1820 2980 et
1888 2929 2157 3006 semper
2204 2914 2520 2982 nostrum
2575 2929 2724 2980 esse
2767 2904 3197 2981 arbitremur.
3297 2908 3426 2981 Est
3464 2907 3580 2981 ille

532 3025 879 3101 Iohannes
941 3023 1309 3100 Michaelis
1372 3024 1779 3104 Franciscus
1832 3027 2216 3103 Birnbaum
2238 3085 2258 3115 ,
2308 3027 2575 3126 Magno
2625 3025 2808 3101 Duci
2856 3024 3242 3101 Hassorum
3292 3027 3575 3103 Cancel-

536 3146 745 3221 larius
786 3154 859 3221 et
898 3144 1353 3221 consiliarius
1398 3147 1699 3223 Intimus
1719 3207 1739 3238 ,
1790 3148 1913 3247 qui
1952 3148 2305 3246 quondam
2348 3146 2798 3222 Academiam
2843 3146 3579 3223 Rheno-Traiectinam

534 3266 837 3354 ornavit,
932 3290 1119 3341 nunc
1193 3266 1734 3343 Universitatem
1806 3267 2143 3343 Ludovici
2165 3327 2186 3358 ,
2266 3292 2445 3368 quae
2507 3268 2791 3341 Giessae
2857 3276 2997 3356 est,
3072 3266 3382 3342 doctrina
3454 3291 3583 3341 sua

534 3387 853 3462 illustrat.
921 3386 1199 3461 Eximio
1240 3386 1403 3461 huic
1446 3386 1651 3478 Viro,
1706 3389 1819 3465 die
1866 3390 2195 3465 vicesimo
2233 3414 2418 3464 nono
2460 3386 2717 3463 mensis
2754 3387 3061 3486 Augusti
3101 3388 3266 3462 anni
3290 3386 3584 3487 proximi

538 3530 970 3582 summorum
1034 3507 1107 3580 in
1172 3515 1467 3605 utroque
1527 3510 1677 3583 iure
1733 3510 1807 3583 in
1860 3534 1934 3585 se
1984 3510 2383 3585 collatorum
2429 3509 2768 3583 bonorum
2817 3506 3124 3581 solemne
3172 3506 3580 3605 semisaecu·

538 3628 680 3701 lare
724 3625 1145 3733 celebranti,
1220 3626 1519 3701 Senatus
1562 3637 1795 3703 noster
1842 3628 2115 3727 scriptis
2158 3628 2404 3701 litteris
2458 3627 2848 3726 gratulatus
2899 3634 3027 3699 est.
3128 3625 3582 3723 Respondens

541 3768 763 3843 nuper
832 3743 956 3817 Vir
1020 3743 1530 3820 celeberrimus
1597 3755 1891 3823 testatus
1957 3758 2100 3837 est,
2175 3756 2451 3846 tempus
2517 3746 2688 3820 illud
2709 3804 2729 3834 ,
2794 3743 2984 3843 quod
3061 3744 3130 3817 in
3207 3742 3586 3820 Academia

542 3870 777 3939 nostra
838 3864 1213 3963 transegit,
1276 3864 1350 3939 in
1420 3865 1599 3941 vitae
1668 3891 1834 3942 suae
1897 3866 2309 3943 felicissimis
2366 3864 2680 3964 partibus
2741 3890 2784 3939 a
2835 3888 2908 3938 se
2952 3865 3233 3939 censeri.
3333 3864 3583 3941 Paucis

544 3991 817 4059 tantum
895 3992 1213 4059 nostrum
1282 3984 1619 4083 contigit,
1692 3995 1773 4061 ut
1834 3995 1959 4061 aut
2008 3985 2219 4060 simul
2256 4010 2419 4061 cum
2475 3984 2592 4059 illo
2639 3984 2750 4059 hie
2799 4008 3082 4059 munere
3133 3984 3588 4085 fungerentur

546 4113 668 4178 aut
728 4102 1071 4202 praeclara
1134 4102 1285 4177 eius
1346 4103 1785 4180 institutione
1832 4106 2243 4181 struerentur.
2344 4106 2457 4178 Ita
2505 4112 2736 4179 tamen
2785 4103 2982 4178 illum
3023 4104 3212 4203 apud
3259 4129 3386 4181 nos
3441 4130 3583 4179 ver·

548 4230 777 4330 satum
844 4248 999 4299 esse
1064 4223 1357 4313 scimus,
1432 4232 1509 4299 ut
1576 4247 1817 4299 omnes
1879 4226 2137 4300 Tecum
2208 4224 2787 4312 consenserimus,
2862 4225 2966 4299 01.
3032 4224 3120 4299 de
3181 4226 3396 4314 Geer,
3460 4226 3584 4323 qui

550 4350 789 4443 gratus
849 4343 999 4418 eius
1057 4368 1133 4418 es
1196 4344 1618 4443 discipulus,
1669 4351 1740 4419 et
1783 4352 2065 4433 ornata,
2117 4352 2197 4419 ut
2242 4344 2420 4419 soles
2439 4402 2459 4432 ,
2508 4344 2814 4443 oratione
2859 4345 2924 4417 ei
2973 4352 3290 4442 precatus
3335 4368 3410 4417 es
3433 4402 3452 4431 ‚
3505 4352 3586 4419 ut

554 4448 921 4537 Summum
984 4465 1051 4537 ei
1122 4465 1407 4539 Numen
1484 4465 1693 4541 vitam
1761 4466 2075 4564 viresque
2138 4464 2581 4551 concederet,
2651 4472 2722 4536 et
2787 4462 3064 4561 longam
3135 4474 3590 4562 vegetamque

554 4581 889 4657 tribueret
952 4593 1378 4659 senectutem
1441 4585 1512 4659 in
1574 4586 1953 4661 amicorum
1976 4642 1997 4676 ‚
2060 4583 2552 4683 discipulorum
2607 4605 2938 4679 veraeque
2999 4581 3348 4658 doctrinae
3400 4608 3587 4659 emo·

553 4704 966 4779 himentum.
