4942 6175
1557 742 1997 812 IUDICIA
2068 741 2603 813 ORDINUM.
3478 741 3608 810 223

550 935 642 1028 tis
666 1010 687 1042 ,
732 949 907 1027 alter
940 949 1485 1050 disputationem
1526 949 1901 1027 maximam
1940 959 2209 1052 partem
2246 952 2570 1028 conflavit
2611 977 2695 1028 ex
2721 953 3046 1030 relatione
3070 950 3566 1027 sententiarum
3589 1009 3610 1040 ,

550 1096 731 1174 quae
790 1097 833 1148 a
882 1070 1125 1147 multis
1144 1128 1165 1160 ,
1215 1069 1661 1169 potissimum
1707 1073 2123 1148 Germaniae
2176 1073 2624 1172 scriptoribus
2678 1074 2765 1148 de
2815 1075 2946 1150 hoc
2997 1078 3410 1173 argumento
3454 1093 3610 1170 pro·

547 1192 729 1268 latae
786 1198 991 1280 sunt,
1040 1191 1297 1290 passim
1351 1195 1838 1267 tantummodo
1888 1192 2181 1292 propriis
2234 1193 2656 1291 quibusdam
2695 1195 2954 1269 additis
2990 1190 3608 1269 observationibus.

550 1311 788 1390 Quare
841 1334 933 1385 ne
982 1309 1151 1386 haec
1202 1310 1487 1408 quidem
1545 1311 1926 1410 disputatio
1980 1311 2233 1386 Ordini
2275 1312 2347 1386 in
2398 1313 2726 1389 omnibus
2778 1313 3058 1412 placuit.

648 1434 915 1507 Auctor
988 1429 1173 1505 tertii
1248 1429 1565 1530 responsi
1585 1488 1606 1519 ‚
1677 1431 1866 1530 quod
1938 1457 2059 1530 pro
2120 1431 2435 1531 symbolo
2513 1431 2722 1507 habet
2771 1433 2938 1508 haec
2983 1431 3224 1508 verba:
3283 1432 3454 1506 uAls
3497 1429 3610 1506 ick

548 1550 686 1626 kan
712 1552 784 1641 ,”
836 1550 1135 1625 eundem
1180 1551 1522 1625 ambitum
1574 1552 1999 1649 quaestionis
2053 1559 2247 1627 ratus
2293 1562 2399 1627 est
2445 1563 2658 1651 atque
2703 1553 2928 1651 primi.
3034 1555 3109 1626 In
3161 1559 3354 1652 parte
3403 1551 3615 1627 histo-

548 1671 689 1746 rica
756 1670 923 1746 haec
991 1669 1373 1769 disputatio
1442 1671 1661 1746 nihilo
1731 1671 2035 1747 secunda
2077 1671 2395 1760 inferior,
2444 1673 2519 1746 in
2567 1671 2803 1748 critica
2853 1673 3056 1772 longe
3101 1677 3172 1744 et
3211 1671 3501 1769 primam
3545 1677 3616 1746 et

550 1790 925 1866 secundam
985 1797 1288 1890 superat.
1390 1791 1657 1866 Auctor
1720 1817 1847 1868 suo
1910 1799 2129 1868 marte
2178 1791 2560 1867 doctrinam
2621 1792 2709 1867 de
2756 1791 2971 1867 libero
3019 1789 3302 1865 arbitrio
3346 1789 3620 1890 delega-

551 1917 780 1985 torum
848 1910 1090 2010 populi
1162 1911 1437 2010 copiose
1508 1911 1893 2010 explicavit.
1999 1912 2161 1988 Suis
2210 1907 2519 2012 vestigiis
2564 1913 2892 1988 insistens
2944 1911 3264 2012 diligenti
3307 1910 3618 2010 disputa-

550 2030 737 2106 tione
808 2055 893 2105 ex
966 2030 1249 2131 ingenio
1321 2037 1393 2106 et
1450 2040 1700 2107 natura
1768 2033 2163 2108 recentioris
2230 2033 2491 2108 formae
2553 2032 2911 2132 regiminis
2964 2030 3615 2130 repraesentativae,

551 2175 731 2251 quae
794 2150 1088 2240 dicitur,
1162 2148 1549 2226 doctrinam
1599 2152 1786 2227 illam
1830 2153 2245 2242 illustravit,
2292 2155 2734 2254 rationesque
2779 2151 3145 2252 exposuit,
3195 2174 3376 2249 quae
3425 2148 3616 2224 illam

550 2271 1023 2371 delegatorum
1088 2271 1563 2370 αὐτάρκειαν
1628 2274 2139 2350 commendent.
2243 2275 2472 2349 Simul
2533 2273 2809 2374 egregie
2875 2272 3153 2361 docuit,
3219 2294 3360 2370 quo
3407 2268 3616 2344 modo

547 2398 621 2466 et
682 2416 823 2490 qua
880 2391 1203 2467 cautione
1254 2391 1432 2465 effici
1482 2393 1743 2490 possit,
1797 2401 1877 2467 ut
1935 2416 2025 2468 ne
2078 2393 2249 2468 haec
2294 2392 2664 2491 delegandi
2709 2390 2886 2466 ratio
2929 2389 3312 2489 quidquam
3359 2386 3614 2462 officiat

556 2521 809 2586 mutuo
860 2511 1025 2584 fidei
1076 2510 1393 2600 vinculo,
1444 2511 1633 2609 quod
1684 2521 1825 2587 tam
1884 2521 2047 2586 ante
2096 2511 2502 2588 electionem
2553 2536 2764 2611 quam
2818 2519 3058 2612 postea
3103 2506 3502 2607 delegantes
3548 2515 3620 2583 et

556 2631 917 2730 delegatos
958 2631 1142 2707 inter
1194 2655 1269 2706 se
1321 2631 1791 2732 constringere
1834 2630 2045 2708 debet
2068 2691 2089 2722 ‚
2140 2640 2221 2707 ut
2260 2631 2335 2707 hi
2366 2656 2601 2708 revera
2640 2631 2975 2732 populum
3017 2628 3613 2729 urepraesentare”

560 2751 889 2826 censendi
941 2751 1101 2828 sint.

658 2870 898 2948 Huius
970 2873 1577 2948 commentationis
1637 2880 1877 2948 auctor
1897 2931 1918 2961 ‚
1988 2896 2201 2972 quem
2262 2897 2471 2948 aureo
2539 2870 2842 2972 praemio
2900 2870 3286 2946 ornandum
3351 2867 3621 2944 censuit

558 2990 793 3082 Ordo,
841 2998 1083 3093 aperta
1136 2992 1403 3068 scidula
1446 2993 1789 3068 innotuit:

1252 3134 1535 3195 Vlcron.
1568 3134 1952 3193 EUGENIUS
1988 3134 2425 3193 LUDOVIOUS
2460 3133 2563 3192 DE
2597 3132 2900 3204 STUERS,

1358 3230 1508 3287 Iuris
1552 3230 1875 3287 Candidatus
1908 3231 1965 3287 in
2000 3230 2275 3287 Andeda
2324 3230 2817 3304 hydrum-Batava.

548 3339 867 3417 Priorum
939 3342 1495 3443 disputationum
1559 3354 1917 3436 auctores,
1994 3344 2119 3446 qui
2181 3344 2459 3446 publice
2525 3368 2686 3421 cum
2753 3342 2960 3419 laude
3027 3339 3612 3418 commemorandi

547 3460 1003 3557 videbantur,
1054 3488 1129 3541 se
1173 3464 1466 3566 professi
1522 3473 1727 3556 sunt,
1778 3466 2076 3566 primae:

1502 3607 1649 3664 ,ΜΝ
1682 3607 1993 3695 onnam)
2028 3606 2189 3664 ΜΝ
2222 3604 2379 3663 nna
2412 3604 2649 3673 noop,

1418 3702 1565 3758 Iuris
1606 3701 1923 3759 Candidatus
1955 3703 2013 3757 in
2046 3700 2324 3758 Academia
2365 3700 2727 3772 Oros-iwan,-

546 3767 889 3843 secundae
911 3801 941 3844 :-

1610 3866 1884 3925 Pmm
1916 3866 2171 3926 ANTON
2204 3864 2553 3935 mmm,

1360 3962 1507 4019 Itm‘ae
1546 3962 1863 4021 Candidatus
1894 3965 1953 4020 in
1986 3962 2263 4019 Acade-ia
2294 3958 2783 4032 laviano-Batava.

1480 4435 1813 4510 onoo
1902 4426 2676 4506 MnmcoRuM

2034 4581 2107 4649 et

1364 4718 1708 4792 oRDo
1782 4656 2780 4792 THEOLOGORUM

541 4907 632 4985 ad
682 4908 1123 5008 quaestiones
1180 4912 1567 5011 propositas
1614 4912 1805 4988 nulla
1844 4917 2255 5011 acceperunt
2298 4928 2646 5006 responsa.

1872 5076 2253 5107 *-
