4942 6175
1797 717 2357 787 ORATIO.
3463 721 3592 788 165

658 929 903 1004 Restat
920 983 943 1017 ,
998 937 1076 1004 ut
1113 927 1445 1002 referatur
1494 927 1582 1002 de
1620 927 1995 1002 certamine
2048 924 2558 1026 literario,quod
2613 954 2734 1029 per
2785 928 3000 1028 Regis
3053 928 3598 1004 munificentiam

560 1046 909 1147 superiore
972 1072 1156 1122 anno
1209 1046 1509 1122 indicere
1560 1046 1761 1121 nohis
1808 1046 2021 1122 licuit.
2123 1047 2374 1122 Statim
2421 1057 2660 1124 autem
2709 1049 2932 1122 dicam
2977 1047 3335 1122 facultates
3376 1049 3594 1123 medi-

558 1191 712 1244 cam
757 1175 827 1242 et
874 1165 1329 1265 theologicam
1390 1167 1481 1241 ad
1524 1165 1961 1265 quaestiones
2010 1169 2397 1265 propositas
2452 1168 2725 1243 nullum
2779 1167 3118 1266 accepisse
3163 1192 3593 1266 responsum.

559 1289 811 1386 Itaque
882 1286 1061 1362 viros
1128 1286 1577 1374 clarissimos,
1630 1285 1754 1385 qui
1810 1285 2171 1360 ordinibus
2240 1286 2758 1387 disciplinarum
2826 1286 3466 1362 mathematicarum
3526 1294 3599 1360 et

560 1406 1035 1506 physicarum,
1084 1449 1181 1468 -
1230 1406 1583 1481 literarum
1642 1403 2131 1480 humaniorum
2153 1463 2175 1493 ‚
2224 1445 2319 1460 —
2367 1407 2517 1481 iure
2563 1407 3035 1482 consultorum
3068 1406 3156 1480 ab
3189 1407 3362 1482 actis
3392 1415 3599 1496 sunt,

559 1525 1052 1602 officiosissime
1126 1550 1295 1623 rogo
1310 1583 1331 1612 ,
1404 1533 1481 1599 ut
1552 1524 1809 1624 singuli
1885 1523 2207 1622 deinceps
2277 1525 2540 1600 ordinis
2607 1527 2717 1599 sui
2788 1525 3043 1599 iudicia
3110 1525 3194 1598 de
3260 1526 3604 1625 responsis

562 1631 859 1746 acceptis
904 1645 1103 1721 nobis
1156 1645 1579 1744 praelegant.

904 1840 1306 1930 (Recitatur
1354 1841 1677 1914 iudicium
1722 1839 1807 1914 de
1857 1843 2193 1938 responsis
2232 1842 2330 1914 ad
2350 1844 2804 1940 quaestionem
2845 1839 3260 1924 chemicam.)

660 2055 805 2131 Vos
861 2055 1077 2155 igitur
1134 2055 1475 2132 accedatis
1495 2114 1515 2145 ,
1582 2055 2001 2132 ornatissimi
2064 2081 2191 2132 van
2245 2057 2638 2133 Zouteveen
2687 2063 2758 2130 et
2798 2053 3080 2129 Allarde
3123 2052 3425 2128 Henrice
3475 2077 3604 2127 van

562 2175 874 2252 Ankum.

660 2371 877 2444 Ecce!
918 2369 1116 2443 trado
1142 2367 1311 2456 tibi,
1358 2368 1796 2442 ornatissime
1820 2391 1945 2442 van
1973 2371 2397 2444 Zouteveen!
2437 2371 2824 2470 praemium
2845 2367 2976 2442 tibi
3014 2368 3438 2442 destinatum
3458 2423 3478 2455 ‚
3508 2410 3610 2428 —

565 2489 698 2563 tibi
728 2489 1161 2563 ornatissime
1200 2512 1327 2561 van
1366 2487 1659 2562 Ankum
1693 2489 2166 2564 testimonium
2208 2489 2435 2564 laudis
2453 2547 2475 2578 ‚
2517 2515 2732 2588 quam
2765 2514 2804 2562 e
2835 2489 3206 2563 certamine
3225 2486 3606 2586 reportasti.

566 2608 863 2706 Utrique
917 2614 1219 2682 vestrum
1268 2607 1578 2705 gratulor
1621 2607 1947 2683 honorem
1970 2667 1991 2700 ‚
2042 2635 2251 2709 quem
2304 2609 2800 2709 promeruistis.
2896 2609 3183 2707 sciplina
3204 2666 3222 2695 ,
3381 2633 3420 2682 e
3465 2595 3606 2705 qua

563 2736 1053 2827 argumentum
1128 2727 1551 2826 quaestionis
1569 2784 1590 2814 ,
1662 2727 1776 2802 cui
1842 2728 2291 2828 respondistis
2311 2787 2332 2817 ,
2404 2729 2704 2829 petitum
2779 2735 2920 2818 est,
2998 2727 3125 2801 hoc
3199 2751 3365 2802 aevo
3431 2727 3608 2800 laete

564 2849 761 2922 floret
822 2855 897 2922 et
954 2871 1240 2946 magnos
1292 2846 1682 2946 celeresque
1725 2846 1889 2922 facit
1937 2873 2360 2948 progressus.
2465 2849 2697 2924 Multa
2747 2849 2818 2922 in
2870 2849 3020 2924 eius
3069 2848 3300 2922 studio
3359 2846 3608 2922 multo-

565 2992 723 3042 rum
773 2976 880 3042 est
928 2967 1197 3041 virium·
1241 2967 1553 3042 intentio,
1656 2968 1906 3066 Itaque
1962 2993 2079 3043 vos
2100 3027 2120 3058 ,
2172 2968 2319 3058 via,
2370 2994 2582 3068 quam
2637 2969 2929 3068 ingressi
2980 2967 3184 3056 estis,
3235 2968 3605 3066 proceden-

567 3096 673 3162 tes
690 3146 713 3177 ,
781 3088 857 3163 in
924 3112 1178 3186 magna
1238 3088 1357 3163 illa
1426 3088 1855 3163 eruditorum
1920 3090 2379 3165 decertatione
2398 3147 2419 3179 ,
2502 3099 2580 3164 ut
2651 3090 2814 3165 huic
2881 3088 3204 3164 scientiae
3265 3087 3607 3161 humanae

570 3206 815 3282 ditioni
874 3208 1148 3283 latiores
1208 3208 1628 3307 latioresque
1691 3210 1865 3284 fines
1932 3218 2279 3308 ponantur
2299 3269 2321 3299 ,
2389 3236 2516 3308 pro
2565 3211 2825 3310 patriae
2873 3209 3077 3285 laude
3125 3206 3573 3308 propugnetis
3591 3265 3613 3296 ‚

568 3328 771 3403 sicuti
814 3328 951 3403 iam
1002 3327 1261 3402 fecistis
1309 3352 1436 3425 pro
1479 3327 1685 3403 laude
1739 3327 2270 3405 universitatum
2291 3390 2311 3419 ,
2368 3355 2668 3430 quarum
2713 3326 2894 3407 cives
2935 3328 3130 3404 estis!

890 3566 1292 3655 (Rea-statur
1336 3568 1659 3640 iudicium
1706 3568 1791 3640 de
1835 3590 2148 3664 responso
2198 3570 2297 3641 ad
2336 3571 2795 3667 quaestionem
2843 3570 3330 3666 zooloyicam.)

674 3804 824 3875 Iam
882 3810 993 3890 te,
1058 3802 1491 3877 ornatissime
1532 3828 1661 3879 van
1702 3804 2031 3878 Ankuml
2084 3828 2251 3902 rogo
2305 3812 2383 3877 ut
2428 3803 2522 3878 ad
2575 3827 2686 3878 me
2735 3802 2964 3877 venias
3014 3811 3370 3901 acceptum
3421 3827 3613 3901 prae-

576 3922 794 3997 mium
844 3921 974 3995 tibi
1022 3922 1414 3997 decretum!

680 4158 962 4235 Iuvenis
1024 4160 1650 4259 praestantissime!
1718 4186 1881 4236 cum
1948 4170 2016 4235 te
2076 4160 2187 4235 hic
2246 4162 2638 4237 adstantem
2715 4160 2910 4235 video
2930 4219 2952 4252 ‚
3017 4162 3140 4260 qui
3200 4164 3411 4261 paulo
3456 4174 3617 4240 ante

578 4279 817 4353 eodem
887 4279 1033 4354 loco
1096 4278 1377 4355 fratrem
1442 4279 1729 4379 adspexi
1802 4289 2005 4353 tuum
2026 4336 2046 4367 ,
2122 4302 2260 4353 non
2332 4303 2614 4377 possum
2637 4335 2657 4365 ‚
2731 4279 2902 4376 quin
2973 4281 3270 4379 cogitem
3347 4293 3612 4379 patrem

578 4407 783 4472 tuum
806 4457 827 4486 ,
878 4402 1097 4477 virum
1145 4400 1635 4501 peritissimum
1661 4458 1681 4488 ‚
1734 4401 1857 4498 qui
1901 4399 2107 4473 hodie
2152 4422 2317 4473 sane
2368 4396 2704 4497 singulari
2760 4398 2981 4471 utitur
3023 4400 3340 4487 fortuna‚'
3393 4424 3617 4498 quum

586 4526 959 4616 utrumque
1000 4520 1222 4595 filium
1267 4520 1447 4594 inter
1486 4519 1987 4595 commilitones
2037 4519 2484 4595 excellentem
2527 4527 2598 4593 et
2641 4517 3050 4595 honoratum
3094 4520 3338 4596 videat.
3405 4522 3619 4599 Quod

582 4644 1006 4737 quantopere
1072 4640 1397 4714 intimum
1458 4640 1609 4714 eius
1682 4640 1899 4715 animi
1968 4663 2247 4713 sensum
2314 4662 2582 4714 movere
2645 4638 2932 4727 debeat,
3003 4641 3366 4740 persentio.
3466 4642 3614 4730 Tu,

578 4757 1051 4834 ornatissime!
1130 4769 1353 4835 macte
1428 4760 1678 4833 virtute
1748 4760 1904 4834 tua!
1976 4784 2185 4859 perge
2254 4784 2433 4858 quae
2508 4760 2734 4834 solum
2805 4760 3104 4858 patrium
3154 4759 3288 4834 fert
3334 4771 3617 4835 naturae

580 4905 785 4979 opera
855 4879 1299 4980 perscrutari!
1379 4876 1885 4978 Brugmansius
1952 4879 2343 4955 testabatur
2412 4904 2486 4953 se
2553 4879 2880 4979 indigena
2949 4880 3128 4954 tanti
3206 4880 3463 4971 facere,
3543 4889 3622 4956 ut
