<?xml version="1.0" encoding="UTF-8"?>
<!DOCTYPE html PUBLIC "-//W3C//DTD XHTML 1.0 Transitional//EN"
    "http://www.w3.org/TR/xhtml1/DTD/xhtml1-transitional.dtd">
<html xmlns="http://www.w3.org/1999/xhtml" xml:lang="en" lang="en">
 <head>
  <title>
</title>
<meta http-equiv="Content-Type" content="text/html;charset=utf-8" />
  <meta name='ocr-system' content='tesseract 3.04.00' />
  <meta name='ocr-capabilities' content='ocr_page ocr_carea ocr_par ocr_line ocrx_word'/>
</head>
<body>
  <div class='ocr_page' id='page_1' title='image "annalesacademic19unkngoog_0134.png"; bbox 0 0 4942 6175; ppageno 0'>
   <div class='ocr_carea' id='block_1_1' title="bbox 1437 654 3327 745">
    <p class='ocr_par' dir='ltr' id='par_1_1' title="bbox 1437 654 3327 745">
     <span class='ocr_line' id='line_1_1' title="bbox 1437 654 3327 745; baseline 0.001 -26"><span class='ocrx_word' id='word_1_1' title='bbox 1437 654 1567 721; x_wconf 83' lang='lat'><strong>120</strong></span> <span class='ocrx_word' id='word_1_2' title='bbox 2451 742 2454 745; x_wconf 20' lang='grc'>,</span> <span class='ocrx_word' id='word_1_3' title='bbox 2594 654 3327 723; x_wconf 75' lang='lat' dir='ltr'><strong>1.A.1··RU1N</strong></span> 
     </span>
    </p>
   </div>
   <div class='ocr_carea' id='block_1_2' title="bbox 1440 858 4481 1081">
    <p class='ocr_par' dir='ltr' id='par_1_2' title="bbox 1440 858 4481 1081">
     <span class='ocr_line' id='line_1_2' title="bbox 1440 858 4481 962; baseline 0.001 -28"><span class='ocrx_word' id='word_1_4' title='bbox 1440 858 1640 950; x_wconf 87' lang='lat' dir='ltr'><strong>lexit,</strong></span> <span class='ocrx_word' id='word_1_5' title='bbox 1685 866 1760 935; x_wconf 90' lang='lat' dir='ltr'><strong>et</strong></span> <span class='ocrx_word' id='word_1_6' title='bbox 1798 861 2288 935; x_wconf 89' lang='lat' dir='ltr'><strong>Nosocomium</strong></span> <span class='ocrx_word' id='word_1_7' title='bbox 2333 858 2683 935; x_wconf 85' lang='lat' dir='ltr'><strong>aedificari</strong></span> <span class='ocrx_word' id='word_1_8' title='bbox 2727 859 2960 948; x_wconf 87' lang='lat' dir='ltr'><strong>iussit,</strong></span> <span class='ocrx_word' id='word_1_9' title='bbox 3011 861 3199 959; x_wconf 87' lang='lat' dir='ltr'><strong>quod</strong></span> <span class='ocrx_word' id='word_1_10' title='bbox 3241 861 3655 960; x_wconf 75' lang='lat' dir='ltr'>probaturus</span> <span class='ocrx_word' id='word_1_11' title='bbox 3700 862 3791 937; x_wconf 91' lang='lat' dir='ltr'><strong>sit</strong></span> <span class='ocrx_word' id='word_1_12' title='bbox 3831 863 3980 961; x_wconf 88' lang='lat' dir='ltr'><strong>ipse</strong></span> <span class='ocrx_word' id='word_1_13' title='bbox 3998 860 4481 962; x_wconf 76' lang='lat' dir='ltr'><strong>Aesculapius.</strong></span> 
     </span>
     <span class='ocr_line' id='line_1_3' title="bbox 1441 980 4480 1081; baseline 0 -26"><span class='ocrx_word' id='word_1_14' title='bbox 1441 980 1674 1055; x_wconf 88' lang='lat' dir='ltr'><strong>Pauca</strong></span> <span class='ocrx_word' id='word_1_15' title='bbox 1713 990 1878 1055; x_wconf 88' lang='lat' dir='ltr'><strong>sunt</strong></span> <span class='ocrx_word' id='word_1_16' title='bbox 1920 1004 2098 1079; x_wconf 90' lang='lat' dir='ltr'><strong>quae</strong></span> <span class='ocrx_word' id='word_1_17' title='bbox 2139 1003 2317 1079; x_wconf 88' lang='lat' dir='ltr'><strong>opus</strong></span> <span class='ocrx_word' id='word_1_18' title='bbox 2363 988 2813 1056; x_wconf 75' lang='lat' dir='ltr'><strong>remorantur.</strong></span> <span class='ocrx_word' id='word_1_19' title='bbox 2920 982 3061 1057; x_wconf 84' lang='lat' dir='ltr'><strong>Sed</strong></span> <span class='ocrx_word' id='word_1_20' title='bbox 3112 983 3625 1081; x_wconf 89' lang='lat' dir='ltr'><strong>superabuntur</strong></span> <span class='ocrx_word' id='word_1_21' title='bbox 3666 1006 3747 1057; x_wconf 89' lang='lat' dir='ltr'><strong>ea</strong></span> <span class='ocrx_word' id='word_1_22' title='bbox 3770 1040 3790 1072; x_wconf 90' lang='lat'><strong>,</strong></span> <span class='ocrx_word' id='word_1_23' title='bbox 3838 993 3911 1059; x_wconf 87' lang='lat' dir='ltr'><strong>et</strong></span> <span class='ocrx_word' id='word_1_24' title='bbox 3955 983 4089 1071; x_wconf 80' lang='lat' dir='ltr'><strong>erit</strong></span> <span class='ocrx_word' id='word_1_25' title='bbox 4132 981 4249 1057; x_wconf 88' lang='lat' dir='ltr'><strong>ille</strong></span> <span class='ocrx_word' id='word_1_26' title='bbox 4291 981 4441 1055; x_wconf 89' lang='lat' dir='ltr'><strong>dies</strong></span> <span class='ocrx_word' id='word_1_27' title='bbox 4460 1040 4480 1071; x_wconf 93' lang='lat'><strong>,</strong></span> 
     </span>
    </p>
   </div>
   <div class='ocr_carea' id='block_1_3' title="bbox 1440 1096 4483 1322">
    <p class='ocr_par' dir='ltr' id='par_1_3' title="bbox 1440 1096 4483 1322">
     <span class='ocr_line' id='line_1_4' title="bbox 1440 1096 4483 1199; baseline 0 -24"><span class='ocrx_word' id='word_1_28' title='bbox 1440 1124 1581 1199; x_wconf 91' lang='lat' dir='ltr'><strong>quo</strong></span> <span class='ocrx_word' id='word_1_29' title='bbox 1600 1157 1620 1189; x_wconf 91' lang='lat'><strong>,</strong></span> <span class='ocrx_word' id='word_1_30' title='bbox 1695 1124 1952 1177; x_wconf 89' lang='lat' dir='ltr'><strong>novum</strong></span> <span class='ocrx_word' id='word_1_31' title='bbox 2019 1098 2414 1175; x_wconf 88' lang='lat' dir='ltr'><strong>aedificium</strong></span> <span class='ocrx_word' id='word_1_32' title='bbox 2482 1099 2978 1199; x_wconf 79' lang='lat' dir='ltr'><strong>adspicientes,</strong></span> <span class='ocrx_word' id='word_1_33' title='bbox 3043 1096 3419 1177; x_wconf 79' lang='lat' dir='ltr'><strong>‘obruemus</strong></span> <span class='ocrx_word' id='word_1_34' title='bbox 3477 1100 3821 1178; x_wconf 89' lang='lat' dir='ltr'><strong>oblivione</strong></span> <span class='ocrx_word' id='word_1_35' title='bbox 3882 1103 4077 1178; x_wconf 89' lang='lat' dir='ltr'><strong>istud</strong></span> <span class='ocrx_word' id='word_1_36' title='bbox 4128 1101 4483 1178; x_wconf 82' lang='lat' dir='ltr'><strong>stabulum</strong></span> 
     </span>
     <span class='ocr_line' id='line_1_5' title="bbox 1448 1218 3584 1322; baseline 0.003 -30"><span class='ocrx_word' id='word_1_37' title='bbox 1448 1218 1670 1294; x_wconf 86' lang='lat' dir='ltr'><strong>dicam</strong></span> <span class='ocrx_word' id='word_1_38' title='bbox 1717 1244 1804 1295; x_wconf 92' lang='lat' dir='ltr'><strong>an</strong></span> <span class='ocrx_word' id='word_1_39' title='bbox 1855 1219 2119 1311; x_wconf 83' lang='lat' dir='ltr'><strong>bovile,</strong></span> <span class='ocrx_word' id='word_1_40' title='bbox 2167 1220 2356 1319; x_wconf 86' lang='lat' dir='ltr'><strong>quod</strong></span> <span class='ocrx_word' id='word_1_41' title='bbox 2405 1244 2593 1295; x_wconf 88' lang='lat' dir='ltr'><strong>nunc</strong></span> <span class='ocrx_word' id='word_1_42' title='bbox 2640 1220 3131 1297; x_wconf 88' lang='lat' dir='ltr'><strong>Nosocomium</strong></span> <span class='ocrx_word' id='word_1_43' title='bbox 3179 1222 3584 1322; x_wconf 87' lang='lat' dir='ltr'><strong>appellatur.</strong></span> 
     </span>
    </p>
   </div>
   <div class='ocr_carea' id='block_1_4' title="bbox 1447 1456 4502 3596">
    <p class='ocr_par' dir='ltr' id='par_1_4' title="bbox 1447 1456 4498 3116">
     <span class='ocr_line' id='line_1_6' title="bbox 1547 1456 4483 1559; baseline 0.001 -30"><span class='ocrx_word' id='word_1_44' title='bbox 1547 1456 1819 1533; x_wconf 88' lang='lat' dir='ltr'><strong>Videtis</strong></span> <span class='ocrx_word' id='word_1_45' title='bbox 1877 1460 2094 1559; x_wconf 85' lang='lat' dir='ltr'><strong>igitur</strong></span> <span class='ocrx_word' id='word_1_46' title='bbox 2112 1520 2132 1551; x_wconf 95' lang='lat'><strong>,</strong></span> <span class='ocrx_word' id='word_1_47' title='bbox 2179 1460 2555 1535; x_wconf 85' lang='lat' dir='ltr'><strong>Auditores</strong></span> <span class='ocrx_word' id='word_1_48' title='bbox 2574 1518 2595 1549; x_wconf 92' lang='lat'><strong>,</strong></span> <span class='ocrx_word' id='word_1_49' title='bbox 2646 1460 2854 1535; x_wconf 90' lang='lat' dir='ltr'><strong>etiam</strong></span> <span class='ocrx_word' id='word_1_50' title='bbox 2902 1462 2973 1535; x_wconf 91' lang='lat' dir='ltr'><strong>in</strong></span> <span class='ocrx_word' id='word_1_51' title='bbox 3026 1460 3414 1535; x_wconf 88' lang='lat' dir='ltr'><strong>studiorum</strong></span> <span class='ocrx_word' id='word_1_52' title='bbox 3470 1459 3799 1535; x_wconf 86' lang='lat' dir='ltr'><strong>subsidiis</strong></span> <span class='ocrx_word' id='word_1_53' title='bbox 3846 1459 4112 1558; x_wconf 88' lang='lat' dir='ltr'><strong>aliquid</strong></span> <span class='ocrx_word' id='word_1_54' title='bbox 4162 1458 4483 1533; x_wconf 82' lang='lat' dir='ltr'><strong>effectum</strong></span> 
     </span>
     <span class='ocr_line' id='line_1_7' title="bbox 1447 1577 4484 1679; baseline 0 -26"><span class='ocrx_word' id='word_1_55' title='bbox 1447 1584 1519 1653; x_wconf 90' lang='lat' dir='ltr'><strong>et</strong></span> <span class='ocrx_word' id='word_1_56' title='bbox 1567 1577 1953 1676; x_wconf 83' lang='lat' dir='ltr'><strong>profectum</strong></span> <span class='ocrx_word' id='word_1_57' title='bbox 2004 1604 2173 1655; x_wconf 86' lang='lat' dir='ltr'><strong>esse.</strong></span> <span class='ocrx_word' id='word_1_58' title='bbox 2276 1580 2451 1669; x_wconf 86' lang='lat' dir='ltr'><strong>Sed,</strong></span> <span class='ocrx_word' id='word_1_59' title='bbox 2522 1580 2769 1654; x_wconf 89' lang='lat' dir='ltr'><strong>iterum</strong></span> <span class='ocrx_word' id='word_1_60' title='bbox 2824 1579 3014 1669; x_wconf 91' lang='lat' dir='ltr'><strong>dico,</strong></span> <span class='ocrx_word' id='word_1_61' title='bbox 3068 1580 3377 1655; x_wconf 89' lang='lat' dir='ltr'><strong>nondum</strong></span> <span class='ocrx_word' id='word_1_62' title='bbox 3434 1604 3517 1654; x_wconf 88' lang='lat' dir='ltr'><strong>eo</strong></span> <span class='ocrx_word' id='word_1_63' title='bbox 3566 1579 4003 1679; x_wconf 82' lang='lat' dir='ltr'><strong>pervenimus</strong></span> <span class='ocrx_word' id='word_1_64' title='bbox 4064 1602 4205 1678; x_wconf 92' lang='lat' dir='ltr'><strong>quo</strong></span> <span class='ocrx_word' id='word_1_65' title='bbox 4252 1602 4484 1677; x_wconf 85' lang='lat' dir='ltr'><strong>perve-</strong></span> 
     </span>
     <span class='ocr_line' id='line_1_8' title="bbox 1451 1696 4489 1798; baseline 0 -28"><span class='ocrx_word' id='word_1_66' title='bbox 1451 1696 1789 1773; x_wconf 90' lang='lat' dir='ltr'><strong>niendum</strong></span> <span class='ocrx_word' id='word_1_67' title='bbox 1862 1709 1990 1774; x_wconf 90' lang='lat' dir='ltr'><strong>est.</strong></span> <span class='ocrx_word' id='word_1_68' title='bbox 2094 1698 2306 1778; x_wconf 83' lang='lat' dir='ltr'><strong>Quod</strong></span> <span class='ocrx_word' id='word_1_69' title='bbox 2381 1724 2767 1798; x_wconf 88' lang='lat' dir='ltr'><strong>numquam</strong></span> <span class='ocrx_word' id='word_1_70' title='bbox 2842 1699 3017 1774; x_wconf 88' lang='lat' dir='ltr'><strong>mihi</strong></span> <span class='ocrx_word' id='word_1_71' title='bbox 3084 1700 3504 1774; x_wconf 86' lang='lat' dir='ltr'><strong>luculentius</strong></span> <span class='ocrx_word' id='word_1_72' title='bbox 3566 1696 3916 1798; x_wconf 91' lang='lat' dir='ltr'><strong>apparuit,</strong></span> <span class='ocrx_word' id='word_1_73' title='bbox 3986 1723 4198 1798; x_wconf 88' lang='lat' dir='ltr'><strong>quam</strong></span> <span class='ocrx_word' id='word_1_74' title='bbox 4268 1722 4489 1796; x_wconf 90' lang='lat' dir='ltr'><strong>quum</strong></span> 
     </span>
     <span class='ocr_line' id='line_1_9' title="bbox 1452 1816 4487 1918; baseline 0 -26"><span class='ocrx_word' id='word_1_75' title='bbox 1452 1841 1675 1916; x_wconf 86' lang='lat' dir='ltr'><strong>nuper</strong></span> <span class='ocrx_word' id='word_1_76' title='bbox 1749 1818 2110 1894; x_wconf 88' lang='lat' dir='ltr'><strong>Leidensis</strong></span> <span class='ocrx_word' id='word_1_77' title='bbox 2178 1818 2593 1895; x_wconf 83' lang='lat' dir='ltr'><strong>Academiae</strong></span> <span class='ocrx_word' id='word_1_78' title='bbox 2666 1820 3032 1895; x_wconf 87' lang='lat' dir='ltr'><strong>Rectorem</strong></span> <span class='ocrx_word' id='word_1_79' title='bbox 3109 1820 3197 1893; x_wconf 90' lang='lat' dir='ltr'><strong>de</strong></span> <span class='ocrx_word' id='word_1_80' title='bbox 3269 1819 3457 1893; x_wconf 89' lang='lat' dir='ltr'><strong>illius</strong></span> <span class='ocrx_word' id='word_1_81' title='bbox 3526 1828 3863 1917; x_wconf 84' lang='lat' dir='ltr'><strong>apparatu</strong></span> <span class='ocrx_word' id='word_1_82' title='bbox 3930 1828 4005 1893; x_wconf 87' lang='lat' dir='ltr'><strong>et</strong></span> <span class='ocrx_word' id='word_1_83' title='bbox 4072 1816 4487 1918; x_wconf 84' lang='lat' dir='ltr'><strong>supellectile</strong></span> 
     </span>
     <span class='ocr_line' id='line_1_10' title="bbox 1452 1937 4485 2039; baseline -0 -28"><span class='ocrx_word' id='word_1_84' title='bbox 1452 1945 1850 2035; x_wconf 84' lang='lat' dir='ltr'><strong>querentem</strong></span> <span class='ocrx_word' id='word_1_85' title='bbox 1901 1938 2235 2013; x_wconf 88' lang='lat' dir='ltr'><strong>audirem.</strong></span> <span class='ocrx_word' id='word_1_86' title='bbox 2316 1939 2513 2017; x_wconf 84' lang='lat' dir='ltr'><strong>Quid</strong></span> <span class='ocrx_word' id='word_1_87' title='bbox 2559 1938 2841 2015; x_wconf 86' lang='lat' dir='ltr'><strong>tandem</strong></span> <span class='ocrx_word' id='word_1_88' title='bbox 2892 1982 2989 1997; x_wconf 94' lang='lat'>—</span> <span class='ocrx_word' id='word_1_89' title='bbox 3038 1939 3137 2014; x_wconf 85' lang='lat' dir='ltr'><strong>ita</strong></span> <span class='ocrx_word' id='word_1_90' title='bbox 3178 1962 3451 2013; x_wconf 90' lang='lat' dir='ltr'><strong>mecum</strong></span> <span class='ocrx_word' id='word_1_91' title='bbox 3500 1938 3649 2037; x_wconf 87' lang='lat' dir='ltr'><strong>ipse</strong></span> <span class='ocrx_word' id='word_1_92' title='bbox 3690 1939 4097 2039; x_wconf 88' lang='lat' dir='ltr'><strong>reputabam</strong></span> <span class='ocrx_word' id='word_1_93' title='bbox 4144 1982 4241 2001; x_wconf 87' lang='lat'><strong>--</strong></span> <span class='ocrx_word' id='word_1_94' title='bbox 4284 1937 4485 2035; x_wconf 90' lang='lat' dir='ltr'><strong>quid,</strong></span> 
     </span>
     <span class='ocr_line' id='line_1_11' title="bbox 1449 2056 4487 2157; baseline -0.001 -26"><span class='ocrx_word' id='word_1_95' title='bbox 1449 2057 1648 2131; x_wconf 83' lang='lat' dir='ltr'><strong>Tune</strong></span> <span class='ocrx_word' id='word_1_96' title='bbox 1714 2057 2018 2155; x_wconf 86' lang='lat' dir='ltr'><strong>quereris</strong></span> <span class='ocrx_word' id='word_1_97' title='bbox 2037 2116 2057 2146; x_wconf 94' lang='lat'><strong>,</strong></span> <span class='ocrx_word' id='word_1_98' title='bbox 2123 2058 2464 2157; x_wconf 88' lang='lat' dir='ltr'><strong>nobisque</strong></span> <span class='ocrx_word' id='word_1_99' title='bbox 2532 2058 2801 2133; x_wconf 87' lang='lat' dir='ltr'><strong>invides</strong></span> <span class='ocrx_word' id='word_1_100' title='bbox 2848 2058 3375 2134; x_wconf 66' lang='lat' dir='ltr'><strong>laboratorium</strong></span> <span class='ocrx_word' id='word_1_101' title='bbox 3426 2058 3986 2157; x_wconf 84' lang='lat' dir='ltr'><strong>Physiologicum</strong></span> <span class='ocrx_word' id='word_1_102' title='bbox 4006 2116 4026 2146; x_wconf 93' lang='lat'><strong>,</strong></span> <span class='ocrx_word' id='word_1_103' title='bbox 4076 2056 4267 2155; x_wconf 87' lang='lat' dir='ltr'><strong>quod</strong></span> <span class='ocrx_word' id='word_1_104' title='bbox 4323 2080 4487 2130; x_wconf 89' lang='lat' dir='ltr'><strong>non·</strong></span> 
     </span>
     <span class='ocr_line' id='line_1_12' title="bbox 1451 2176 4489 2287; baseline -0 -36"><span class='ocrx_word' id='word_1_105' title='bbox 1451 2176 1622 2251; x_wconf 89' lang='lat' dir='ltr'><strong>dum</strong></span> <span class='ocrx_word' id='word_1_106' title='bbox 1693 2176 2078 2253; x_wconf 83' lang='lat' dir='ltr'><strong>habemus?</strong></span> <span class='ocrx_word' id='word_1_107' title='bbox 2175 2180 2325 2267; x_wconf 85' lang='lat' dir='ltr'><strong>Tu,</strong></span> <span class='ocrx_word' id='word_1_108' title='bbox 2385 2180 2641 2254; x_wconf 87' lang='lat' dir='ltr'><strong>Rector</strong></span> <span class='ocrx_word' id='word_1_109' title='bbox 2684 2178 3144 2287; x_wconf 83' lang='lat' dir='ltr'><strong>Academiae,</strong></span> <span class='ocrx_word' id='word_1_110' title='bbox 3199 2202 3379 2277; x_wconf 89' lang='lat' dir='ltr'><strong>quae</strong></span> <span class='ocrx_word' id='word_1_111' title='bbox 3428 2178 3487 2252; x_wconf 92' lang='lat' dir='ltr'><strong>si</strong></span> <span class='ocrx_word' id='word_1_112' title='bbox 3530 2202 3689 2253; x_wconf 90' lang='lat' dir='ltr'><strong>cum</strong></span> <span class='ocrx_word' id='word_1_113' title='bbox 3741 2186 3979 2251; x_wconf 86' lang='lat' dir='ltr'><strong>nostra</strong></span> <span class='ocrx_word' id='word_1_114' title='bbox 4020 2182 4489 2275; x_wconf 86' lang='lat' dir='ltr'><strong>comparatur,</strong></span> 
     </span>
     <span class='ocr_line' id='line_1_13' title="bbox 1455 2282 4491 2398; baseline -0.001 -27"><span class='ocrx_word' id='word_1_115' title='bbox 1455 2297 1648 2371; x_wconf 88' lang='lat' dir='ltr'><strong>dives</strong></span> <span class='ocrx_word' id='word_1_116' title='bbox 1709 2306 1782 2372; x_wconf 90' lang='lat' dir='ltr'><strong>et</strong></span> <span class='ocrx_word' id='word_1_117' title='bbox 1849 2298 2176 2398; x_wconf 84' lang='lat' dir='ltr'><strong>opulenta</strong></span> <span class='ocrx_word' id='word_1_118' title='bbox 2253 2298 2665 2397; x_wconf 89' lang='lat' dir='ltr'><strong>appellanda</strong></span> <span class='ocrx_word' id='word_1_119' title='bbox 2733 2299 2891 2373; x_wconf 83' lang='lat' dir='ltr'><strong>est?</strong></span> <span class='ocrx_word' id='word_1_120' title='bbox 2990 2299 3137 2376; x_wconf 84' lang='lat' dir='ltr'><strong>Qui</strong></span> <span class='ocrx_word' id='word_1_121' title='bbox 3205 2297 3411 2373; x_wconf 89' lang='lat' dir='ltr'><strong>aedes</strong></span> <span class='ocrx_word' id='word_1_122' title='bbox 3480 2282 3695 2373; x_wconf 81' lang='lat' dir='ltr'><strong>habes</strong></span> <span class='ocrx_word' id='word_1_123' title='bbox 3754 2296 4169 2373; x_wconf 86' lang='lat' dir='ltr'><strong>Academiae</strong></span> <span class='ocrx_word' id='word_1_124' title='bbox 4188 2352 4209 2385; x_wconf 94' lang='lat'><strong>,</strong></span> <span class='ocrx_word' id='word_1_125' title='bbox 4274 2294 4491 2393; x_wconf 84' lang='lat' dir='ltr'><strong>regias</strong></span> 
     </span>
     <span class='ocr_line' id='line_1_14' title="bbox 1457 2415 4488 2517; baseline -0.001 -27"><span class='ocrx_word' id='word_1_126' title='bbox 1457 2415 1782 2491; x_wconf 89' lang='lat' dir='ltr'><strong>dicendas</strong></span> <span class='ocrx_word' id='word_1_127' title='bbox 1800 2475 1822 2505; x_wconf 94' lang='lat'><strong>,</strong></span> <span class='ocrx_word' id='word_1_128' title='bbox 1893 2417 1952 2491; x_wconf 87' lang='lat' dir='ltr'><strong>si</strong></span> <span class='ocrx_word' id='word_1_129' title='bbox 2011 2418 2456 2493; x_wconf 85' lang='lat' dir='ltr'><strong>conferuntur</strong></span> <span class='ocrx_word' id='word_1_130' title='bbox 2522 2442 2686 2492; x_wconf 90' lang='lat' dir='ltr'><strong>cum</strong></span> <span class='ocrx_word' id='word_1_131' title='bbox 2736 2425 2970 2494; x_wconf 89' lang='lat' dir='ltr'><strong>nostra</strong></span> <span class='ocrx_word' id='word_1_132' title='bbox 3024 2416 3404 2506; x_wconf 85' lang='lat' dir='ltr'><strong>modestia3</strong></span> <span class='ocrx_word' id='word_1_133' title='bbox 3476 2416 3808 2493; x_wconf 89' lang='lat' dir='ltr'><strong>librorum</strong></span> <span class='ocrx_word' id='word_1_134' title='bbox 3870 2418 4137 2517; x_wconf 88' lang='lat' dir='ltr'><strong>copiam</strong></span> <span class='ocrx_word' id='word_1_135' title='bbox 4190 2424 4261 2489; x_wconf 87' lang='lat' dir='ltr'><strong>et</strong></span> <span class='ocrx_word' id='word_1_136' title='bbox 4302 2438 4488 2512; x_wconf 88' lang='lat' dir='ltr'><strong>prae-</strong></span> 
     </span>
     <span class='ocr_line' id='line_1_15' title="bbox 1453 2532 4494 2637; baseline -0.001 -28"><span class='ocrx_word' id='word_1_137' title='bbox 1453 2535 1779 2610; x_wconf 86' lang='lat' dir='ltr'><strong>stantiam</strong></span> <span class='ocrx_word' id='word_1_138' title='bbox 1803 2594 1823 2625; x_wconf 95' lang='lat'><strong>,</strong></span> <span class='ocrx_word' id='word_1_139' title='bbox 1886 2544 2219 2635; x_wconf 89' lang='lat' dir='ltr'><strong>quantam</strong></span> <span class='ocrx_word' id='word_1_140' title='bbox 2283 2536 2396 2611; x_wconf 85' lang='lat' dir='ltr'><strong>vix</strong></span> <span class='ocrx_word' id='word_1_141' title='bbox 2472 2538 2658 2613; x_wconf 73' lang='lat' dir='ltr'><strong>alia?</strong></span> <span class='ocrx_word' id='word_1_142' title='bbox 2758 2539 2957 2613; x_wconf 81' lang='lat' dir='ltr'><strong>Tune</strong></span> <span class='ocrx_word' id='word_1_143' title='bbox 3006 2538 3313 2637; x_wconf 88' lang='lat' dir='ltr'><strong>quereris</strong></span> <span class='ocrx_word' id='word_1_144' title='bbox 3332 2596 3353 2626; x_wconf 93' lang='lat'><strong>,</strong></span> <span class='ocrx_word' id='word_1_145' title='bbox 3406 2560 3628 2636; x_wconf 83' lang='lat' dir='ltr'><strong>quum</strong></span> <span class='ocrx_word' id='word_1_146' title='bbox 3690 2535 4116 2611; x_wconf 85' lang='lat' dir='ltr'><strong>Academiae</strong></span> <span class='ocrx_word' id='word_1_147' title='bbox 4164 2534 4357 2608; x_wconf 78' lang='lat' dir='ltr'><strong>Tuae</strong></span> <span class='ocrx_word' id='word_1_148' title='bbox 4402 2532 4494 2607; x_wconf 89' lang='lat' dir='ltr'><strong>ita</strong></span> 
     </span>
     <span class='ocr_line' id='line_1_16' title="bbox 1457 2655 4498 2757; baseline -0.001 -28"><span class='ocrx_word' id='word_1_149' title='bbox 1457 2655 1732 2731; x_wconf 76' lang='lat' dir='ltr'><strong>faveant</strong></span> <span class='ocrx_word' id='word_1_150' title='bbox 1801 2657 2253 2757; x_wconf 88' lang='lat' dir='ltr'><strong>Reipublicae</strong></span> <span class='ocrx_word' id='word_1_151' title='bbox 2321 2658 2701 2755; x_wconf 87' lang='lat' dir='ltr'><strong>principes,</strong></span> <span class='ocrx_word' id='word_1_152' title='bbox 2772 2666 2851 2730; x_wconf 91' lang='lat' dir='ltr'><strong>ut</strong></span> <span class='ocrx_word' id='word_1_153' title='bbox 2913 2679 3135 2754; x_wconf 91' lang='lat' dir='ltr'><strong>quum</strong></span> <span class='ocrx_word' id='word_1_154' title='bbox 3184 2658 3413 2731; x_wconf 90' lang='lat' dir='ltr'><strong>adhuc</strong></span> <span class='ocrx_word' id='word_1_155' title='bbox 3462 2656 3673 2731; x_wconf 90' lang='lat' dir='ltr'><strong>moris</strong></span> <span class='ocrx_word' id='word_1_156' title='bbox 3721 2656 3937 2730; x_wconf 76' lang='lat' dir='ltr'><strong>fuisse</strong></span> <span class='ocrx_word' id='word_1_157' title='bbox 3984 2655 4372 2742; x_wconf 87' lang='lat' dir='ltr'><strong>videretur,</strong></span> <span class='ocrx_word' id='word_1_158' title='bbox 4422 2659 4498 2726; x_wconf 91' lang='lat' dir='ltr'><strong>ut</strong></span> 
     </span>
     <span class='ocr_line' id='line_1_17' title="bbox 1459 2774 4495 2874; baseline 0 -27"><span class='ocrx_word' id='word_1_159' title='bbox 1459 2774 1581 2847; x_wconf 88' lang='lat' dir='ltr'><strong>uni</strong></span> <span class='ocrx_word' id='word_1_160' title='bbox 1633 2775 1822 2873; x_wconf 89' lang='lat' dir='ltr'><strong>apud</strong></span> <span class='ocrx_word' id='word_1_161' title='bbox 1873 2800 1991 2849; x_wconf 89' lang='lat' dir='ltr'><strong>vos</strong></span> <span class='ocrx_word' id='word_1_162' title='bbox 2036 2775 2412 2851; x_wconf 83' lang='lat' dir='ltr'><strong>Professori</strong></span> <span class='ocrx_word' id='word_1_163' title='bbox 2455 2775 2599 2851; x_wconf 91' lang='lat' dir='ltr'><strong>duo</strong></span> <span class='ocrx_word' id='word_1_164' title='bbox 2648 2800 3077 2851; x_wconf 87' lang='lat' dir='ltr'><strong>successores</strong></span> <span class='ocrx_word' id='word_1_165' title='bbox 3119 2775 3481 2865; x_wconf 89' lang='lat' dir='ltr'><strong>darentur,</strong></span> <span class='ocrx_word' id='word_1_166' title='bbox 3530 2800 3719 2852; x_wconf 89' lang='lat' dir='ltr'><strong>nunc</strong></span> <span class='ocrx_word' id='word_1_167' title='bbox 3758 2775 4045 2874; x_wconf 89' lang='lat' dir='ltr'><strong>quidam</strong></span> <span class='ocrx_word' id='word_1_168' title='bbox 4090 2774 4231 2849; x_wconf 90' lang='lat' dir='ltr'><strong>iam</strong></span> <span class='ocrx_word' id='word_1_169' title='bbox 4274 2797 4495 2871; x_wconf 87' lang='lat' dir='ltr'><strong>recep-</strong></span> 
     </span>
     <span class='ocr_line' id='line_1_18' title="bbox 1465 2891 4497 2986; baseline -0 -19"><span class='ocrx_word' id='word_1_170' title='bbox 1465 2904 1617 2969; x_wconf 88' lang='lat' dir='ltr'><strong>tum</strong></span> <span class='ocrx_word' id='word_1_171' title='bbox 1669 2918 1820 2969; x_wconf 88' lang='lat' dir='ltr'><strong>esse</strong></span> <span class='ocrx_word' id='word_1_172' title='bbox 1867 2894 2181 2971; x_wconf 85' lang='lat' dir='ltr'><strong>videatur</strong></span> <span class='ocrx_word' id='word_1_173' title='bbox 2229 2904 2310 2969; x_wconf 90' lang='lat' dir='ltr'><strong>ut</strong></span> <span class='ocrx_word' id='word_1_174' title='bbox 2363 2894 2483 2970; x_wconf 89' lang='lat' dir='ltr'><strong>uni</strong></span> <span class='ocrx_word' id='word_1_175' title='bbox 2534 2896 2909 2971; x_wconf 88' lang='lat' dir='ltr'><strong>succedant</strong></span> <span class='ocrx_word' id='word_1_176' title='bbox 2956 2897 3145 2971; x_wconf 83' lang='lat' dir='ltr'><strong>tres?</strong></span> <span class='ocrx_word' id='word_1_177' title='bbox 3239 2896 3569 2974; x_wconf 84' lang='lat' dir='ltr'><strong>Quereris</strong></span> <span class='ocrx_word' id='word_1_178' title='bbox 3590 2954 3611 2986; x_wconf 96' lang='lat'><strong>,</strong></span> <span class='ocrx_word' id='word_1_179' title='bbox 3663 2906 3735 2971; x_wconf 90' lang='lat' dir='ltr'><strong>et</strong></span> <span class='ocrx_word' id='word_1_180' title='bbox 3782 2896 4067 2971; x_wconf 84' lang='lat' dir='ltr'><strong>fortasse</strong></span> <span class='ocrx_word' id='word_1_181' title='bbox 4108 2894 4283 2968; x_wconf 88' lang='lat' dir='ltr'><strong>iure.</strong></span> <span class='ocrx_word' id='word_1_182' title='bbox 4362 2891 4497 2965; x_wconf 89' lang='lat' dir='ltr'><strong>Sed</strong></span> 
     </span>
     <span class='ocr_line' id='line_1_19' title="bbox 1463 3013 3409 3116; baseline 0.001 -27"><span class='ocrx_word' id='word_1_183' title='bbox 1463 3014 1620 3115; x_wconf 87' lang='lat' dir='ltr'><strong>quis</strong></span> <span class='ocrx_word' id='word_1_184' title='bbox 1672 3013 1801 3090; x_wconf 91' lang='lat' dir='ltr'><strong>erit</strong></span> <span class='ocrx_word' id='word_1_185' title='bbox 1849 3023 2238 3092; x_wconf 89' lang='lat' dir='ltr'><strong>nostrarum</strong></span> <span class='ocrx_word' id='word_1_186' title='bbox 2290 3017 2726 3116; x_wconf 88' lang='lat' dir='ltr'><strong>querelarum</strong></span> <span class='ocrx_word' id='word_1_187' title='bbox 2774 3017 2934 3092; x_wconf 88' lang='lat' dir='ltr'><strong>finis</strong></span> <span class='ocrx_word' id='word_1_188' title='bbox 2986 3025 3059 3092; x_wconf 87' lang='lat' dir='ltr'><strong>et</strong></span> <span class='ocrx_word' id='word_1_189' title='bbox 3106 3016 3409 3092; x_wconf 83' lang='lat' dir='ltr'><strong>modus?</strong></span> 
     </span>
    </p>

    <p class='ocr_par' dir='ltr' id='par_1_5' title="bbox 1461 3133 4502 3596">
     <span class='ocr_line' id='line_1_20' title="bbox 1559 3133 4499 3235; baseline -0.001 -26"><span class='ocrx_word' id='word_1_190' title='bbox 1559 3136 1659 3209; x_wconf 91' lang='lat' dir='ltr'><strong>At</strong></span> <span class='ocrx_word' id='word_1_191' title='bbox 1707 3159 1844 3211; x_wconf 87' lang='lat' dir='ltr'><strong>non</strong></span> <span class='ocrx_word' id='word_1_192' title='bbox 1891 3135 2284 3212; x_wconf 88' lang='lat' dir='ltr'><strong>invidemus</strong></span> <span class='ocrx_word' id='word_1_193' title='bbox 2339 3137 2760 3213; x_wconf 88' lang='lat' dir='ltr'><strong>Academiae</strong></span> <span class='ocrx_word' id='word_1_194' title='bbox 2804 3137 3129 3214; x_wconf 87' lang='lat' dir='ltr'><strong>Leidensi</strong></span> <span class='ocrx_word' id='word_1_195' title='bbox 3148 3195 3169 3227; x_wconf 96' lang='lat'><strong>,</strong></span> <span class='ocrx_word' id='word_1_196' title='bbox 3222 3137 3280 3210; x_wconf 88' lang='lat' dir='ltr'><strong>si</strong></span> <span class='ocrx_word' id='word_1_197' title='bbox 3329 3136 3551 3212; x_wconf 89' lang='lat' dir='ltr'><strong>multa</strong></span> <span class='ocrx_word' id='word_1_198' title='bbox 3596 3136 3841 3212; x_wconf 82' lang='lat' dir='ltr'><strong>habet:</strong></span> <span class='ocrx_word' id='word_1_199' title='bbox 3896 3157 4256 3235; x_wconf 88' lang='lat' dir='ltr'><strong>speramus</strong></span> <span class='ocrx_word' id='word_1_200' title='bbox 4296 3133 4499 3208; x_wconf 89' lang='lat' dir='ltr'><strong>etiam</strong></span> 
     </span>
     <span class='ocr_line' id='line_1_21' title="bbox 1464 3255 4502 3357; baseline -0.001 -28"><span class='ocrx_word' id='word_1_201' title='bbox 1464 3255 1608 3331; x_wconf 79' lang='lat' dir='ltr'><strong>fore</strong></span> <span class='ocrx_word' id='word_1_202' title='bbox 1677 3262 1758 3328; x_wconf 88' lang='lat' dir='ltr'><strong>ut</strong></span> <span class='ocrx_word' id='word_1_203' title='bbox 1817 3255 1881 3331; x_wconf 91' lang='lat' dir='ltr'><strong>ei</strong></span> <span class='ocrx_word' id='word_1_204' title='bbox 1929 3256 2184 3330; x_wconf 88' lang='lat' dir='ltr'><strong>dentur</strong></span> <span class='ocrx_word' id='word_1_205' title='bbox 2229 3281 2348 3346; x_wconf 86' lang='lat' dir='ltr'><strong>ea,</strong></span> <span class='ocrx_word' id='word_1_206' title='bbox 2400 3280 2579 3356; x_wconf 90' lang='lat' dir='ltr'><strong>quae</strong></span> <span class='ocrx_word' id='word_1_207' title='bbox 2621 3264 2971 3357; x_wconf 86' lang='lat' dir='ltr'><strong>praeterea</strong></span> <span class='ocrx_word' id='word_1_208' title='bbox 3022 3257 3387 3332; x_wconf 89' lang='lat' dir='ltr'><strong>desiderat.</strong></span> <span class='ocrx_word' id='word_1_209' title='bbox 3488 3257 3646 3332; x_wconf 93' lang='lat' dir='ltr'><strong>Hoc</strong></span> <span class='ocrx_word' id='word_1_210' title='bbox 3700 3265 3931 3331; x_wconf 89' lang='lat' dir='ltr'><strong>tamen</strong></span> <span class='ocrx_word' id='word_1_211' title='bbox 3978 3277 4373 3354; x_wconf 87' lang='lat' dir='ltr'><strong>precamur,</strong></span> <span class='ocrx_word' id='word_1_212' title='bbox 4422 3257 4502 3326; x_wconf 86' lang='lat' dir='ltr'><strong>ut</strong></span> 
     </span>
     <span class='ocr_line' id='line_1_22' title="bbox 1461 3375 4501 3476; baseline -0.002 -26"><span class='ocrx_word' id='word_1_213' title='bbox 1461 3399 1552 3450; x_wconf 91' lang='lat' dir='ltr'><strong>ne</strong></span> <span class='ocrx_word' id='word_1_214' title='bbox 1615 3375 1832 3450; x_wconf 88' lang='lat' dir='ltr'><strong>nostri</strong></span> <span class='ocrx_word' id='word_1_215' title='bbox 1903 3375 2141 3475; x_wconf 89' lang='lat' dir='ltr'><strong>aliqua</strong></span> <span class='ocrx_word' id='word_1_216' title='bbox 2207 3377 2499 3452; x_wconf 84' lang='lat' dir='ltr'><strong>exsistat</strong></span> <span class='ocrx_word' id='word_1_217' title='bbox 2566 3377 2858 3467; x_wconf 88' lang='lat' dir='ltr'><strong>oblivio,</strong></span> <span class='ocrx_word' id='word_1_218' title='bbox 2928 3384 3001 3452; x_wconf 89' lang='lat' dir='ltr'><strong>et</strong></span> <span class='ocrx_word' id='word_1_219' title='bbox 3072 3401 3161 3452; x_wconf 89' lang='lat' dir='ltr'><strong>ne</strong></span> <span class='ocrx_word' id='word_1_220' title='bbox 3230 3383 3575 3476; x_wconf 85' lang='lat' dir='ltr'><strong>negentur</strong></span> <span class='ocrx_word' id='word_1_221' title='bbox 3624 3375 3826 3450; x_wconf 89' lang='lat' dir='ltr'><strong>nobis</strong></span> <span class='ocrx_word' id='word_1_222' title='bbox 3875 3399 3957 3450; x_wconf 88' lang='lat' dir='ltr'><strong>ea</strong></span> <span class='ocrx_word' id='word_1_223' title='bbox 3978 3432 3997 3463; x_wconf 96' lang='lat'><strong>,</strong></span> <span class='ocrx_word' id='word_1_224' title='bbox 4055 3397 4236 3471; x_wconf 90' lang='lat' dir='ltr'><strong>quae</strong></span> <span class='ocrx_word' id='word_1_225' title='bbox 4284 3394 4501 3470; x_wconf 88' lang='lat' dir='ltr'><strong>aequo</strong></span> 
     </span>
     <span class='ocr_line' id='line_1_23' title="bbox 1465 3495 4499 3596; baseline -0.001 -28"><span class='ocrx_word' id='word_1_226' title='bbox 1465 3496 1614 3570; x_wconf 90' lang='lat' dir='ltr'><strong>iure</strong></span> <span class='ocrx_word' id='word_1_227' title='bbox 1680 3519 1918 3595; x_wconf 81' lang='lat' dir='ltr'><strong>rogare</strong></span> <span class='ocrx_word' id='word_1_228' title='bbox 1971 3496 2322 3587; x_wconf 87' lang='lat' dir='ltr'><strong>videmur,</strong></span> <span class='ocrx_word' id='word_1_229' title='bbox 2387 3504 2459 3573; x_wconf 87' lang='lat' dir='ltr'><strong>et</strong></span> <span class='ocrx_word' id='word_1_230' title='bbox 2508 3496 2768 3596; x_wconf 89' lang='lat' dir='ltr'><strong>quibus</strong></span> <span class='ocrx_word' id='word_1_231' title='bbox 2812 3497 3163 3571; x_wconf 86' lang='lat' dir='ltr'><strong>institutio</strong></span> <span class='ocrx_word' id='word_1_232' title='bbox 3206 3503 3441 3572; x_wconf 88' lang='lat' dir='ltr'><strong>nostra</strong></span> <span class='ocrx_word' id='word_1_233' title='bbox 3488 3495 3753 3571; x_wconf 88' lang='lat' dir='ltr'><strong>diutius</strong></span> <span class='ocrx_word' id='word_1_234' title='bbox 3796 3519 4023 3570; x_wconf 89' lang='lat' dir='ltr'><strong>carere</strong></span> <span class='ocrx_word' id='word_1_235' title='bbox 4072 3517 4211 3569; x_wconf 90' lang='lat' dir='ltr'><strong>non</strong></span> <span class='ocrx_word' id='word_1_236' title='bbox 4258 3497 4499 3592; x_wconf 89' lang='lat' dir='ltr'><strong>potest.</strong></span> 
     </span>
    </p>
   </div>
   <div class='ocr_carea' id='block_1_5' title="bbox 1467 3732 4519 4912">
    <p class='ocr_par' dir='ltr' id='par_1_6' title="bbox 1467 3732 4519 4912">
     <span class='ocr_line' id='line_1_24' title="bbox 1567 3732 4501 3837; baseline -0.001 -30"><span class='ocrx_word' id='word_1_237' title='bbox 1567 3733 1706 3808; x_wconf 89' lang='lat' dir='ltr'><strong>Sed</strong></span> <span class='ocrx_word' id='word_1_238' title='bbox 1748 3757 2002 3834; x_wconf 83' lang='lat' dir='ltr'><strong>magna</strong></span> <span class='ocrx_word' id='word_1_239' title='bbox 2050 3737 2426 3812; x_wconf 87' lang='lat' dir='ltr'><strong>consolatio</strong></span> <span class='ocrx_word' id='word_1_240' title='bbox 2469 3745 2577 3812; x_wconf 89' lang='lat' dir='ltr'><strong>est</strong></span> <span class='ocrx_word' id='word_1_241' title='bbox 2595 3794 2617 3828; x_wconf 90' lang='lat'><strong>,</strong></span> <span class='ocrx_word' id='word_1_242' title='bbox 2667 3760 2869 3837; x_wconf 85' lang='lat' dir='ltr'><strong>posse</strong></span> <span class='ocrx_word' id='word_1_243' title='bbox 2905 3737 3111 3813; x_wconf 87' lang='lat' dir='ltr'><strong>etiam</strong></span> <span class='ocrx_word' id='word_1_244' title='bbox 3152 3735 3391 3812; x_wconf 87' lang='lat' dir='ltr'><strong>multis</strong></span> <span class='ocrx_word' id='word_1_245' title='bbox 3432 3735 3639 3811; x_wconf 87' lang='lat' dir='ltr'><strong>rebus</strong></span> <span class='ocrx_word' id='word_1_246' title='bbox 3678 3741 4025 3809; x_wconf 87' lang='lat' dir='ltr'><strong>carentem</strong></span> <span class='ocrx_word' id='word_1_247' title='bbox 4060 3732 4299 3806; x_wconf 84' lang='lat' dir='ltr'><strong>florere</strong></span> <span class='ocrx_word' id='word_1_248' title='bbox 4326 3732 4501 3804; x_wconf 89' lang='lat' dir='ltr'><strong>Aca·</strong></span> 
     </span>
     <span class='ocr_line' id='line_1_25' title="bbox 1467 3849 4504 3956; baseline 0 -33"><span class='ocrx_word' id='word_1_249' title='bbox 1467 3851 1770 3928; x_wconf 90' lang='lat' dir='ltr'><strong>demiam</strong></span> <span class='ocrx_word' id='word_1_250' title='bbox 1811 3879 1962 3930; x_wconf 87' lang='lat' dir='ltr'><strong>eam</strong></span> <span class='ocrx_word' id='word_1_251' title='bbox 1980 3913 2000 3944; x_wconf 98' lang='lat'><strong>,</strong></span> <span class='ocrx_word' id='word_1_252' title='bbox 2053 3855 2124 3930; x_wconf 90' lang='lat' dir='ltr'><strong>in</strong></span> <span class='ocrx_word' id='word_1_253' title='bbox 2163 3881 2302 3956; x_wconf 89' lang='lat' dir='ltr'><strong>qua</strong></span> <span class='ocrx_word' id='word_1_254' title='bbox 2336 3865 2409 3933; x_wconf 92' lang='lat' dir='ltr'><strong>et</strong></span> <span class='ocrx_word' id='word_1_255' title='bbox 2455 3859 2769 3935; x_wconf 89' lang='lat' dir='ltr'><strong>doctores</strong></span> <span class='ocrx_word' id='word_1_256' title='bbox 2808 3865 2879 3934; x_wconf 92' lang='lat' dir='ltr'><strong>et</strong></span> <span class='ocrx_word' id='word_1_257' title='bbox 2922 3855 3243 3955; x_wconf 83' lang='lat' dir='ltr'><strong>discipuli</strong></span> <span class='ocrx_word' id='word_1_258' title='bbox 3286 3879 3411 3955; x_wconf 90' lang='lat' dir='ltr'><strong>pro</strong></span> <span class='ocrx_word' id='word_1_259' title='bbox 3454 3878 3583 3930; x_wconf 90' lang='lat' dir='ltr'><strong>sua</strong></span> <span class='ocrx_word' id='word_1_260' title='bbox 3622 3855 3899 3952; x_wconf 89' lang='lat' dir='ltr'><strong>utrique</strong></span> <span class='ocrx_word' id='word_1_261' title='bbox 3944 3861 4141 3951; x_wconf 85' lang='lat' dir='ltr'><strong>parte</strong></span> <span class='ocrx_word' id='word_1_262' title='bbox 4182 3849 4504 3926; x_wconf 91' lang='lat' dir='ltr'><strong>coniunc-</strong></span> 
     </span>
     <span class='ocr_line' id='line_1_26' title="bbox 1471 3967 4507 4075; baseline -0 -34"><span class='ocrx_word' id='word_1_263' title='bbox 1471 3969 1562 4042; x_wconf 87' lang='lat' dir='ltr'><strong>tis</strong></span> <span class='ocrx_word' id='word_1_264' title='bbox 1610 3971 1872 4048; x_wconf 87' lang='lat' dir='ltr'><strong>viribus</strong></span> <span class='ocrx_word' id='word_1_265' title='bbox 1915 3975 1991 4046; x_wconf 90' lang='lat' dir='ltr'><strong>id</strong></span> <span class='ocrx_word' id='word_1_266' title='bbox 2033 3976 2221 4074; x_wconf 91' lang='lat' dir='ltr'><strong>quod</strong></span> <span class='ocrx_word' id='word_1_267' title='bbox 2267 3984 2560 4075; x_wconf 86' lang='lat' dir='ltr'><strong>possunt</strong></span> <span class='ocrx_word' id='word_1_268' title='bbox 2603 3978 2867 4054; x_wconf 89' lang='lat' dir='ltr'><strong>efficere</strong></span> <span class='ocrx_word' id='word_1_269' title='bbox 2916 3985 3275 4052; x_wconf 87' lang='lat' dir='ltr'><strong>conantur.</strong></span> <span class='ocrx_word' id='word_1_270' title='bbox 3378 3975 3471 4048; x_wconf 89' lang='lat' dir='ltr'><strong>Et</strong></span> <span class='ocrx_word' id='word_1_271' title='bbox 3538 3996 3793 4072; x_wconf 85' lang='lat' dir='ltr'><strong>magna</strong></span> <span class='ocrx_word' id='word_1_272' title='bbox 3836 3971 4197 4070; x_wconf 90' lang='lat' dir='ltr'><strong>equidem,</strong></span> <span class='ocrx_word' id='word_1_273' title='bbox 4262 3969 4397 4044; x_wconf 89' lang='lat' dir='ltr'><strong>hoc</strong></span> <span class='ocrx_word' id='word_1_274' title='bbox 4448 3967 4507 4042; x_wconf 91' lang='lat' dir='ltr'><strong>si</strong></span> 
     </span>
     <span class='ocr_line' id='line_1_27' title="bbox 1470 4087 4509 4184; baseline 0.001 -25"><span class='ocrx_word' id='word_1_275' title='bbox 1470 4087 1730 4184; x_wconf 83' lang='lat' dir='ltr'><strong>cogito,</strong></span> <span class='ocrx_word' id='word_1_276' title='bbox 1761 4089 2015 4164; x_wconf 86' lang='lat' dir='ltr'><strong>afficior</strong></span> <span class='ocrx_word' id='word_1_277' title='bbox 2039 4090 2315 4166; x_wconf 87' lang='lat' dir='ltr'><strong>laetitia.</strong></span> <span class='ocrx_word' id='word_1_278' title='bbox 2380 4095 2625 4168; x_wconf 81' lang='lat' dir='ltr'><strong>Testor</strong></span> <span class='ocrx_word' id='word_1_279' title='bbox 2656 4096 2878 4183; x_wconf 86' lang='lat' dir='ltr'><strong>enim,</strong></span> <span class='ocrx_word' id='word_1_280' title='bbox 2908 4095 2966 4168; x_wconf 92' lang='lat' dir='ltr'>C</span> <span class='ocrx_word' id='word_1_281' title='bbox 2984 4119 3027 4168; x_wconf 94' lang='lat' dir='ltr'><strong>o</strong></span> <span class='ocrx_word' id='word_1_282' title='bbox 3046 4119 3114 4168; x_wconf 91' lang='lat' dir='ltr'><strong>m</strong></span> <span class='ocrx_word' id='word_1_283' title='bbox 3132 4093 3440 4168; x_wconf 90' lang='lat' dir='ltr'><strong>milito</strong></span> <span class='ocrx_word' id='word_1_284' title='bbox 3460 4117 3565 4168; x_wconf 91' lang='lat' dir='ltr'><strong>ne</strong></span> <span class='ocrx_word' id='word_1_285' title='bbox 3585 4117 3618 4168; x_wconf 87' lang='lat' dir='ltr'><strong>s</strong></span> <span class='ocrx_word' id='word_1_286' title='bbox 3642 4137 3745 4158; x_wconf 90' lang='lat'>—</span> <span class='ocrx_word' id='word_1_287' title='bbox 3765 4092 3911 4166; x_wconf 89' lang='lat' dir='ltr'><strong>Vos</strong></span> <span class='ocrx_word' id='word_1_288' title='bbox 3936 4091 4121 4166; x_wconf 87' lang='lat' dir='ltr'><strong>enim</strong></span> <span class='ocrx_word' id='word_1_289' title='bbox 4141 4149 4161 4179; x_wconf 94' lang='lat'><strong>,</strong></span> <span class='ocrx_word' id='word_1_290' title='bbox 4203 4089 4347 4164; x_wconf 92' lang='lat' dir='ltr'><strong>Vos</strong></span> <span class='ocrx_word' id='word_1_291' title='bbox 4368 4087 4509 4162; x_wconf 91' lang='lat' dir='ltr'><strong>iam</strong></span> 
     </span>
     <span class='ocr_line' id='line_1_28' title="bbox 1469 4205 4511 4310; baseline 0.001 -31"><span class='ocrx_word' id='word_1_292' title='bbox 1469 4227 1624 4280; x_wconf 89' lang='lat' dir='ltr'><strong>mea</strong></span> <span class='ocrx_word' id='word_1_293' title='bbox 1685 4207 2050 4308; x_wconf 85' lang='lat' dir='ltr'><strong>compellat</strong></span> <span class='ocrx_word' id='word_1_294' title='bbox 2109 4209 2326 4284; x_wconf 90' lang='lat' dir='ltr'><strong>oratio</strong></span> <span class='ocrx_word' id='word_1_295' title='bbox 2373 4253 2472 4268; x_wconf 93' lang='lat'><strong>—</strong></span> <span class='ocrx_word' id='word_1_296' title='bbox 2522 4221 2767 4301; x_wconf 88' lang='lat' dir='ltr'><strong>testor,</strong></span> <span class='ocrx_word' id='word_1_297' title='bbox 2845 4220 2915 4286; x_wconf 88' lang='lat' dir='ltr'><strong>et</strong></span> <span class='ocrx_word' id='word_1_298' title='bbox 2976 4212 3291 4286; x_wconf 90' lang='lat' dir='ltr'><strong>omnium</strong></span> <span class='ocrx_word' id='word_1_299' title='bbox 3355 4235 3667 4287; x_wconf 89' lang='lat' dir='ltr'><strong>meorum</strong></span> <span class='ocrx_word' id='word_1_300' title='bbox 3730 4211 4175 4310; x_wconf 83' lang='lat' dir='ltr'><strong>Collegarum</strong></span> <span class='ocrx_word' id='word_1_301' title='bbox 4230 4205 4511 4283; x_wconf 88' lang='lat' dir='ltr'><strong>nomine</strong></span> 
     </span>
     <span class='ocr_line' id='line_1_29' title="bbox 1469 4324 4512 4431; baseline 0.003 -34"><span class='ocrx_word' id='word_1_302' title='bbox 1469 4330 1715 4414; x_wconf 86' lang='lat' dir='ltr'><strong>testor,</strong></span> <span class='ocrx_word' id='word_1_303' title='bbox 1763 4324 1906 4402; x_wconf 87' lang='lat' dir='ltr'><strong>Vos</strong></span> <span class='ocrx_word' id='word_1_304' title='bbox 1947 4327 2074 4402; x_wconf 90' lang='lat' dir='ltr'><strong>hoc</strong></span> <span class='ocrx_word' id='word_1_305' title='bbox 2113 4351 2294 4403; x_wconf 88' lang='lat' dir='ltr'><strong>anno</strong></span> <span class='ocrx_word' id='word_1_306' title='bbox 2333 4329 2575 4404; x_wconf 90' lang='lat' dir='ltr'><strong>officiis</strong></span> <span class='ocrx_word' id='word_1_307' title='bbox 2621 4330 2887 4406; x_wconf 84' lang='lat' dir='ltr'><strong>Vestris</strong></span> <span class='ocrx_word' id='word_1_308' title='bbox 2932 4331 3195 4431; x_wconf 87' lang='lat' dir='ltr'><strong>optime</strong></span> <span class='ocrx_word' id='word_1_309' title='bbox 3242 4355 3391 4406; x_wconf 89' lang='lat' dir='ltr'><strong>esse</strong></span> <span class='ocrx_word' id='word_1_310' title='bbox 3448 4331 3863 4431; x_wconf 82' lang='lat' dir='ltr'><strong>perfunctos.</strong></span> <span class='ocrx_word' id='word_1_311' title='bbox 3966 4329 4245 4405; x_wconf 87' lang='lat' dir='ltr'><strong>Gratias</strong></span> <span class='ocrx_word' id='word_1_312' title='bbox 4290 4325 4512 4400; x_wconf 79' lang='lat' dir='ltr'><strong>Vobis</strong></span> 
     </span>
     <span class='ocr_line' id='line_1_30' title="bbox 1473 4431 4515 4550; baseline 0 -32"><span class='ocrx_word' id='word_1_313' title='bbox 1473 4431 1696 4543; x_wconf 80' lang='lat' dir='ltr'><strong>agunt</strong></span> <span class='ocrx_word' id='word_1_314' title='bbox 1751 4449 1984 4522; x_wconf 88' lang='lat' dir='ltr'><strong>cuncti</strong></span> <span class='ocrx_word' id='word_1_315' title='bbox 2040 4448 2464 4524; x_wconf 86' lang='lat' dir='ltr'><strong>Professores</strong></span> <span class='ocrx_word' id='word_1_316' title='bbox 2480 4509 2501 4539; x_wconf 99' lang='lat'><strong>,</strong></span> <span class='ocrx_word' id='word_1_317' title='bbox 2562 4450 2751 4550; x_wconf 90' lang='lat' dir='ltr'><strong>quod</strong></span> <span class='ocrx_word' id='word_1_318' title='bbox 2792 4475 2953 4527; x_wconf 89' lang='lat' dir='ltr'><strong>cum</strong></span> <span class='ocrx_word' id='word_1_319' title='bbox 3006 4450 3315 4526; x_wconf 89' lang='lat' dir='ltr'><strong>moribus</strong></span> <span class='ocrx_word' id='word_1_320' title='bbox 3358 4451 3560 4526; x_wconf 90' lang='lat' dir='ltr'><strong>bonis</strong></span> <span class='ocrx_word' id='word_1_321' title='bbox 3601 4449 4019 4526; x_wconf 86' lang='lat' dir='ltr'><strong>laudabilem</strong></span> <span class='ocrx_word' id='word_1_322' title='bbox 4060 4443 4515 4524; x_wconf 86' lang='lat' dir='ltr'><strong>coniunxistis</strong></span> 
     </span>
     <span class='ocr_line' id='line_1_31' title="bbox 1473 4563 4517 4670; baseline 0.002 -36"><span class='ocrx_word' id='word_1_323' title='bbox 1473 4563 1546 4635; x_wconf 90' lang='lat' dir='ltr'><strong>in</strong></span> <span class='ocrx_word' id='word_1_324' title='bbox 1595 4565 1846 4642; x_wconf 88' lang='lat' dir='ltr'><strong>artium</strong></span> <span class='ocrx_word' id='word_1_325' title='bbox 1895 4568 2554 4670; x_wconf 87' lang='lat' dir='ltr'><strong>disciplinarumque</strong></span> <span class='ocrx_word' id='word_1_326' title='bbox 2602 4571 2852 4648; x_wconf 87' lang='lat' dir='ltr'><strong>studiis</strong></span> <span class='ocrx_word' id='word_1_327' title='bbox 2898 4573 3234 4648; x_wconf 90' lang='lat' dir='ltr'><strong>ardorem.</strong></span> <span class='ocrx_word' id='word_1_328' title='bbox 3256 4611 3275 4628; x_wconf 48' lang='grc' dir='ltr'>ν</span> <span class='ocrx_word' id='word_1_329' title='bbox 3338 4571 3619 4646; x_wconf 87' lang='lat' dir='ltr'><strong>Gratias</strong></span> <span class='ocrx_word' id='word_1_330' title='bbox 3664 4595 3795 4670; x_wconf 78' lang='lat' dir='ltr'><strong>ego</strong></span> <span class='ocrx_word' id='word_1_331' title='bbox 3842 4568 4063 4645; x_wconf 90' lang='lat' dir='ltr'><strong>Vobis</strong></span> <span class='ocrx_word' id='word_1_332' title='bbox 4107 4591 4239 4668; x_wconf 79' lang='lat' dir='ltr'><strong>ago</strong></span> <span class='ocrx_word' id='word_1_333' title='bbox 4263 4625 4284 4656; x_wconf 93' lang='lat'><strong>,</strong></span> <span class='ocrx_word' id='word_1_334' title='bbox 4326 4563 4517 4664; x_wconf 86' lang='lat' dir='ltr'><strong>quod</strong></span> 
     </span>
     <span class='ocr_line' id='line_1_32' title="bbox 1473 4683 4517 4783; baseline 0.001 -26"><span class='ocrx_word' id='word_1_335' title='bbox 1473 4683 1796 4761; x_wconf 88' lang='lat' dir='ltr'><strong>comitate</strong></span> <span class='ocrx_word' id='word_1_336' title='bbox 1873 4687 2120 4763; x_wconf 87' lang='lat' dir='ltr'><strong>Vestra</strong></span> <span class='ocrx_word' id='word_1_337' title='bbox 2203 4699 2276 4766; x_wconf 92' lang='lat' dir='ltr'><strong>et</strong></span> <span class='ocrx_word' id='word_1_338' title='bbox 2342 4690 2817 4768; x_wconf 87' lang='lat' dir='ltr'><strong>benevolentia</strong></span> <span class='ocrx_word' id='word_1_339' title='bbox 2878 4691 3137 4768; x_wconf 81' lang='lat' dir='ltr'><strong>fecistis</strong></span> <span class='ocrx_word' id='word_1_340' title='bbox 3154 4752 3175 4783; x_wconf 92' lang='lat'><strong>,</strong></span> <span class='ocrx_word' id='word_1_341' title='bbox 3250 4700 3329 4770; x_wconf 87' lang='lat' dir='ltr'><strong>ut</strong></span> <span class='ocrx_word' id='word_1_342' title='bbox 3392 4690 3585 4766; x_wconf 91' lang='lat' dir='ltr'><strong>nulla</strong></span> <span class='ocrx_word' id='word_1_343' title='bbox 3653 4689 3829 4764; x_wconf 89' lang='lat' dir='ltr'><strong>mihi</strong></span> <span class='ocrx_word' id='word_1_344' title='bbox 3890 4689 4098 4764; x_wconf 83' lang='lat' dir='ltr'><strong>fuerit</strong></span> <span class='ocrx_word' id='word_1_345' title='bbox 4162 4685 4517 4762; x_wconf 84' lang='lat' dir='ltr'><strong>Rectionis</strong></span> 
     </span>
     <span class='ocr_line' id='line_1_33' title="bbox 1479 4801 4519 4912; baseline 0.002 -37"><span class='ocrx_word' id='word_1_346' title='bbox 1479 4801 1812 4880; x_wconf 86' lang='lat' dir='ltr'><strong>molestia.</strong></span> <span class='ocrx_word' id='word_1_347' title='bbox 1913 4805 2374 4886; x_wconf 87' lang='lat' dir='ltr'><strong>Vehementer</strong></span> <span class='ocrx_word' id='word_1_348' title='bbox 2431 4811 2639 4888; x_wconf 90' lang='lat' dir='ltr'><strong>etiam</strong></span> <span class='ocrx_word' id='word_1_349' title='bbox 2712 4814 2927 4888; x_wconf 88' lang='lat' dir='ltr'><strong>laetor</strong></span> <span class='ocrx_word' id='word_1_350' title='bbox 2942 4871 2963 4902; x_wconf 91' lang='lat'><strong>,</strong></span> <span class='ocrx_word' id='word_1_351' title='bbox 3032 4813 3181 4888; x_wconf 89' lang='lat' dir='ltr'><strong>eius</strong></span> <span class='ocrx_word' id='word_1_352' title='bbox 3247 4837 3429 4912; x_wconf 89' lang='lat' dir='ltr'><strong>quae</strong></span> <span class='ocrx_word' id='word_1_353' title='bbox 3484 4817 3649 4886; x_wconf 89' lang='lat' dir='ltr'><strong>ante</strong></span> <span class='ocrx_word' id='word_1_354' title='bbox 3713 4808 3863 4884; x_wconf 78' lang='lat' dir='ltr'><strong>fuit·</strong></span> <span class='ocrx_word' id='word_1_355' title='bbox 3907 4808 4099 4908; x_wconf 92' lang='lat' dir='ltr'><strong>apud</strong></span> <span class='ocrx_word' id='word_1_356' title='bbox 4156 4805 4301 4882; x_wconf 87' lang='lat' dir='ltr'><strong>Vos</strong></span> <span class='ocrx_word' id='word_1_357' title='bbox 4342 4806 4519 4883; x_wconf 89' lang='lat' dir='ltr'><strong>dua·</strong></span> 
     </span>
    </p>
   </div>
   <div class='ocr_carea' id='block_1_6' title="bbox 4876 1117 4896 2885">
    <p class='ocr_par' dir='ltr' id='par_1_7' title="bbox 4876 1117 4896 2885">
     <span class='ocr_line' id='line_1_34' title="bbox 4876 1117 4896 2885; baseline 0 0"><span class='ocrx_word' id='word_1_358' title='bbox 4876 1117 4896 2885; x_wconf 95' lang='lat' dir='ltr'><strong> </strong></span> 
     </span>
    </p>
   </div>
  </div>
 </body>
</html>
