4942 6175
1868 671 2431 746 ORATIO.
3531 680 3665 746 168

612 878 753 954 iam
796 877 1021 956 filium
1068 879 1207 954 sibi
1253 880 1727 971 carissimum,
1760 881 1836 956 in
1864 905 2049 980 quo,
2090 906 2313 982 quum
2351 891 2524 958 natu
2557 884 2782 960 maior
2808 891 3026 974 esset,
3062 891 3222 984 post
3251 885 3480 961 mariti
3506 886 3656 961 obi-

612 1007 783 1080 tum
808 1024 1007 1099 spem
1044 1023 1243 1076 suam
1286 1023 1561 1077 omnem
1598 1025 1855 1100 ponere
1878 1010 2234 1102 coeperat,
2276 1011 2593 1102 ereptum
2623 1003 2758 1080 sibi
2785 1004 2978 1080 vidit.
3047 1005 3124 1078 Si
3155 1004 3327 1104 quid
3356 1006 3657 1105 graviter

610 1119 905 1196 afflictae
960 1118 1165 1194 matri
1210 1128 1285 1194 et
1334 1119 1527 1196 vobis
1566 1127 1641 1194 et
1680 1120 1881 1194 nobis
1926 1121 2247 1197 solatium
2292 1123 2538 1198 afferre
2575 1125 2804 1223 potuit
2819 1181 2841 1214 ,
2891 1125 3025 1202 fuit
3066 1149 3231 1200 sane
3281 1125 3540 1202 fiducia
3576 1125 3650 1202 in

610 1238 873 1315 summi
916 1239 1221 1314 numinis
1260 1263 1425 1339 erga
1463 1239 1787 1316 mortales
1823 1241 2107 1316 caritate
2123 1299 2145 1330 ,
2196 1266 2355 1340 spes
2392 1244 2928 1320 immortalitatis
2947 1303 2967 1334 ,
3016 1245 3396 1320 recordatio
3439 1245 3652 1322 virtu-

607 1365 767 1434 tum
783 1415 807 1446 ‚
855 1357 1113 1458 quibus
1154 1366 1439 1434 ornatus
1481 1383 1817 1458 magnum
1856 1361 1969 1434 sui
2020 1359 2441 1438 desiderium
2493 1362 2772 1461 reliquit
2816 1363 3089 1439 iuvenis
3127 1365 3502 1464 ingenuus.

690 1478 965 1554 'Verum
1018 1478 1198 1554 festo
1241 1478 1373 1552 hoc
1415 1477 1568 1566 die,
1619 1479 1899 1554 iuvenes
1946 1480 2494 1578 generosissimi!
2549 1488 2708 1579 post
2756 1481 3010 1558 doloris
3061 1485 3462 1561 memoriam
3511 1485 3646 1562 lae-

602 1596 859 1672 tiorum
914 1617 1193 1694 quoque
1233 1596 1583 1672 reminisci
1628 1596 1827 1686 licet,
1890 1622 2072 1696 quae
2117 1597 2209 1676 ad
2253 1622 2373 1672 vos
2418 1607 2754 1698 spectant.
2856 1602 2942 1674 In
2999 1601 3392 1676 studiorum
3439 1627 3649 1678 cursu

599 1714 911 1815 plerique
970 1723 1277 1814 vestrum
1336 1715 1775 1793 laudabiliter
1832 1727 2000 1794 sunt
2054 1719 2419 1818 progressi.
2520 1719 2593 1792 N
2593 1743 2682 1793 on
2751 1719 2954 1818 pauci
3015 1743 3182 1818 prae
3231 1721 3473 1796 multis
3525 1746 3644 1796 ex-

596 1834 1000 1911 celluerunt.
1100 1836 1285 1909 Sunt
1322 1835 1607 1934 insuper
1646 1837 1829 1910 inter
1856 1861 2011 1926 vos,
2061 1838 2185 1936 qui
2232 1863 2395 1912 mox
2437 1838 2742 1937 praemia
2772 1839 3114 1938 accipient
3155 1839 3234 1914 in
3273 1840 3646 1916 certamine

600 1954 895 2030 literaria
952 1980 995 2032 a
1038 1963 1285 2030 senatu
1326 1955 1491 2030 olim
1534 1955 1795 2031 indicto
1838 1963 2216 2057 reportata,
2266 1981 2443 2057 quos
2491 1945 2700 2057 paulo
2739 1967 2898 2057 post
2943 1983 3104 2034 sum
3145 1959 3642 2059 appellaturus.

595 2073 951 2148 Numerus
1016 2083 1269 2162 vester,
1340 2075 1523 2150 cives
1596 2074 2034 2153 Academici!
2110 2101 2248 2152 non
2320 2077 2663 2166 decrevit,
2744 2101 2884 2153 non
2969 2078 3270 2154 multum
3325 2077 3636 2153 accrevit.

594 2193 745 2268 Nos
797 2202 1033 2269 autem
1054 2251 1081 2282 ,
1122 2195 1663 2270 commilitones!
1718 2196 2107 2272 academiae
2149 2196 2455 2296 vigorem
2485 2206 2558 2272 et
2581 2197 2818 2273 florem
2851 2221 2990 2274 non
3021 2220 3311 2272 numero
3338 2196 3594 2272 civium
3613 2255 3636 2286 ,

594 2313 719 2388 aed
762 2337 1003 2388 eorum
1055 2313 1307 2388 virtute
1344 2315 1793 2390 aestimamus
1840 2325 1913 2390 et
1952 2316 2293 2392 industria
2342 2325 2417 2391 et
2451 2317 2718 2416 ingenii
2762 2317 2829 2392 vi
2863 2317 3092 2394 insita.
3196 2317 3639 2416 Quapropter

594 2456 719 2508 vos
756 2433 947 2531 quod
993 2432 1219 2507 facitis
1255 2433 1477 2508 facere
1538 2433 1840 2534 pergitez
1904 2443 2139 2509 curate
2184 2444 2266 2510 ut
2306 2435 2674 2534 diligenter
2715 2435 2968 2510 studiis
3008 2459 3288 2536 operam
3332 2435 3636 2524 navetis,
3733 2495 3744 2508 .

590 2559 675 2627 ut
749 2552 1063 2651 profectu
1134 2552 1206 2626 in
1281 2552 1663 2651 disciplinis
1724 2554 1979 2652 pariter
2038 2561 2110 2628 et
2173 2555 2248 2628 in
2308 2555 2622 2630 moribus
2671 2553 2963 2653 gloriam
3015 2553 3228 2629 huius
3275 2579 3634 2638 musarum

588 2671 777 2747 sedis
824 2670 1201 2760 tueamini3
1248 2672 1589 2747 enitimini
1635 2679 1718 2746 ut
1753 2673 1999 2748 vestris
2056 2672 2383 2748 laudibus
2422 2674 2574 2748 eius
2616 2674 2738 2749 lux
2785 2674 2923 2748 late
2973 2674 3355 2774 splendeat.-

682 2792 779 2864 Et
840 2790 916 2866 id
982 2790 1267 2889 quidem
1335 2790 1531 2865 vobis
1594 2790 1923 2866 omnibus
1990 2791 2257 2867 dictum
2322 2793 2568 2893 cupio;
2651 2793 3036 2869 medicinae
3089 2793 3420 2869 studiosis
3463 2793 3632 2870 haec

582 2908 869 2984 addatur
2192 2921 2241 2976 -‘

681 3031 925 3109 Quum
998 3027 1193 3104 dirus
1248 3027 1532 3104 morbus
1581 3027 1973 3129 epidemius
2021 3028 2152 3105 hac
2194 3036 2455 3107 aestate
2499 3030 2794 3130 patriam
2857 3038 3166 3109 nostram
3211 3056 3431 3133 paene
3477 3031 3631 3109 uni-

580 3170 847 3223 versam
917 3148 1271 3223 invaderet
1324 3157 1397 3223 et
1452 3149 1529 3223 in
1590 3156 1827 3225 nostra
1881 3174 2161 3249 quoque
2230 3150 2510 3227 civitate
2561 3156 2826 3250 strages
2869 3151 3076 3227 edere
3103 3152 3468 3255 ‘coepisset
3484 3210 3507 3241 ,
3554 3151 3630 3227 in

579 3266 829 3342 studiis
870 3292 910 3342 e
951 3267 1147 3341 vobis
1198 3268 1653 3365 provectiores
1696 3270 1961 3345 evocati
2008 3278 2174 3345 sunt
2193 3328 2213 3360 ‚
2264 3279 2347 3345 ut
2392 3270 2915 3371 aegrotantibus
2961 3294 3104 3346 una
3143 3295 3308 3346 cum
3343 3270 3626 3347 medici·

576 3412 706 3464 nae
750 3385 1150 3463 doctoribus
1170 3444 1193 3476 ‚
1238 3387 1623 3487 ceterisque
1644 3444 1667 3478 ,
1719 3388 1843 3489 qui
1882 3398 2101 3465 artem
2160 3398 2521 3480 exercent,
2573 3390 2735 3465 viris
2777 3390 3215 3490 peritissimis
3257 3414 3622 3489 aegrorum

574 3530 811 3583 curam
863 3507 937 3582 in
982 3531 1057 3583 se
1110 3507 1559 3606 susciperent.

671 3629 835 3705 Qua
890 3626 965 3699 in
1031 3649 1105 3698 re
1188 3624 1476 3722 quidem
1526 3634 1673 3701 tam
1718 3626 2085 3725 diligenter
2125 3636 2292 3702 sunt
2344 3628 2636 3716 versati,
2691 3636 2772 3703 ut
2817 3628 3264 3728 magistratus
3305 3626 3616 3703 urbanus

572 3770 695 3821 eos
748 3746 947 3819 iuxta
1004 3766 1169 3818 cum
1228 3743 1609 3820 medicinae
1670 3744 2070 3821 doctoribus
2132 3770 2423 3821 nummo
2468 3753 2797 3846 argenteo
2839 3754 2910 3821 et
2957 3746 3315 3822 honorario
3359 3747 3611 3823 conde·

418 3912 431 3920 ·
568 3864 905 3941 curandos
966 3872 1041 3939 et
1086 3864 1631 3941 remunerandos
1674 3856 2119 3941 existimaret.
2218 3867 2705 3967 Praeceptores
2768 3874 3027 3941 vestros
3091 3866 3440 3943 alacritate
3499 3890 3610 3941 ve-

570 3991 714 4059 stra
759 3983 852 4059 ad
896 4008 1099 4084 opem
1151 3982 1502 4060 ferendam
1519 4039 1541 4072 ,
1592 3985 1927 4083 patientia
1969 3984 2223 4061 laboris
2266 3986 2339 4061 in
2384 4010 2469 4061 ea
2515 4011 2590 4060 re
2631 3992 2908 4061 ostensa
2925 4042 2946 4073 ,
2997 3985 3374 4061 honorifico
3415 3984 3610 4064 vobis

566 4103 668 4177 rei
738 4107 996 4177 eventu
1048 4102 1337 4178 laetatos
1392 4125 1545 4177 esse
1562 4161 1585 4193 ,
1655 4127 1795 4178 non
1870 4113 1977 4179 est
2048 4106 2239 4202 qnod
2306 4105 2548 4181 multis
2607 4106 2834 4181 verbis
2895 4106 3090 4182 vobis
3147 4105 3375 4182 dicam
3393 4166 3416 4197 ,
3483 4108 3608 4207 qui

568 4230 879 4297 nostrum
896 4279 921 4310 ‚
970 4228 1051 4297 ut
1106 4222 1352 4321 opinor
1369 4279 1391 4309 ,
1439 4245 1604 4321 erga
1648 4247 1767 4297 vos
1808 4224 2125 4299 animum
2174 4223 2482 4315 novistis.
2581 4226 2846 4303 Verum
2893 4251 3004 4302 res
3057 4226 3226 4303 haec
3266 4227 3372 4303 nti
3411 4227 3606 4305 vobis

569 4340 760 4417 laudi
804 4347 944 4431 est,
993 4341 1091 4417 ita
1141 4341 1385 4416 honori
1430 4348 1537 4415 est
1578 4341 1971 4417 academiae
1990 4400 2011 4431 ‚
2063 4368 2243 4442 quae
2290 4344 2461 4419 tales
2507 4344 2761 4422 habeat
2805 4348 3164 4434 alumnos,
3221 4346 3297 4419 in
3340 4346 3602 4444 quibus

564 4460 819 4535 fidncia
880 4460 1044 4560 poni
1110 4460 1331 4559 possit
1388 4467 1461 4535 et
1508 4460 1634 4559 qui
1676 4462 2067 4562 intelligant
2118 4487 2258 4555 non
2310 4488 2524 4539 vanae
2567 4466 3048 4541 ostentationis
3089 4490 3300 4541 causa
3347 4489 3422 4540 se
3475 4466 3611 4541 do-'

564 4582 705 4657 ceri
737 4589 809 4656 et
852 4580 1113 4657 discere
1135 4638 1155 4670 ‚
1206 4580 1329 4655 sed
1374 4588 1457 4654 ut
1490 4582 1681 4679 quod
1720 4582 2035 4657 noverint
2064 4583 2137 4657 in
2186 4608 2391 4659 usum
2428 4582 2787 4684 publicum
2822 4583 3294 4661 transferendo
3333 4592 3553 4662 artem
3573 4645 3596 4677 ,

562 4724 775 4801 quam
828 4700 1208 4801 professuri
1248 4709 1413 4775 sunt
1438 4757 1459 4788 ,
1510 4722 1667 4777 vere
1712 4700 2007 4776 reddant
2061 4702 2510 4782 salutiferam.

656 4823 1015 4897 Postremo
1052 4820 1351 4897 breviter
1396 4820 1623 4897 dicam
1664 4820 1755 4897 de
1801 4820 2211 4897 eruditionis
2251 4824 2523 4923 generis
2568 4823 2736 4899 varii
2780 4821 3132 4901 subsidiis.

3105 4945 3198 5018 21
3213 4940 3260 4988 '¹
