4942 6175
1783 669 2341 740 ORATIO.
3510 666 3591 733 15.

541 878 678 957 hus
721 878 980 978 placuit
1023 886 1104 955 ut
1139 880 1205 953 is
1253 879 1379 977 qui
1429 880 1901 955 Decurionum
1959 879 2376 953 urbanorum
2427 880 2652 955 ordini
2704 888 3047 976 praeesset
3091 876 3277 949 idem
3326 874 3393 949 in
3447 874 3587 947 Cu-

537 1006 847 1075 meorum
887 998 1260 1097 collegium
1306 998 1820 1077 adscisceretur.
1923 1000 2146 1074 'Panto
2195 1000 2416 1097 magis
2453 1000 2777 1098 lugemus
2815 998 3037 1071 virum
3082 994 3589 1093 amplissimum

539 1118 664 1216 qui
731 1118 1014 1216 utrique
1078 1119 1302 1193 officio
1365 1128 1510 1195 tam
1578 1119 2014 1193 abundanter
2077 1118 2561 1193 satistaciebat.
2661 1120 2868 1191 Nunc
2912 1138 3269 1215 speramus
3308 1113 3455 1186 fore
3513 1121 3592 1186 ut

539 1261 782 1312 omnes
851 1237 925 1311 in
1001 1238 1284 1312 consilio
1348 1237 1630 1336 publico
1698 1237 1906 1310 huius
1971 1237 2266 1309 civitatis
2338 1238 2735 1335 intelligant
2786 1261 2929 1310 non
2994 1234 3199 1307 modo
3260 1233 3592 1325 interesse

539 1356 993 1435 humanitatis
1014 1416 1038 1444 ,
1085 1357 1416 1431 interesse
1466 1356 1872 1453 disciplinae
1925 1356 2230 1431 medicae
2253 1414 2272 1444 ,
2325 1357 2449 1430 aed
2502 1356 2711 1430 etiam
2768 1356 3203 1429 vehementer
3242 1376 3393 1427 esse
3434 1378 3472 1425 e
3520 1377 3591 1425 re

540 1476 758 1555 totius
821 1476 1156 1563 eivitans,
1231 1486 1312 1551 ut
1376 1500 1460 1552 ea
1535 1500 1647 1549 res
1711 1500 1918 1573 quam
1989 1475 2292 1575 primum
2355 1477 2447 1549 ad
2506 1476 2773 1549 felicem
2838 1474 3101 1548 exitum
3152 1473 3588 1571 perducatur.

541 1596 872 1692 Namque
921 1595 994 1669 in
1058 1620 1140 1669 ea
1188 1596 1581 1708 conditione
1625 1604 1700 1669 et
1747 1602 1938 1669 statu
1985 1578 2172 1669 nunc
2221 1595 2454 1669 attidis
2512 1595 2903 1669 Medicinae
2950 1596 3345 1679 versantur,
3398 1601 3591 1665 tanto

536 1712 772 1791 studio
831 1722 906 1789 et
972 1714 1212 1790 ardore
1267 1724 1536 1791 certant
1591 1718 1770 1789 inter
1837 1739 1910 1789 se
1977 1716 2242 1791 nobiles
2305 1717 2617 1791 ciuitates
2677 1726 2755 1788 ut
2816 1714 3132 1787 Medicae
3178 1713 3309 1786 arti
3360 1712 3592 1785 sedem

539 1832 938 1931 primariam
977 1834 1166 1931 apud
1215 1859 1292 1909 se
1347 1846 1792 1933 comparent,
1854 1843 1932 1911 nt
1977 1845 2228 1932 agatur
2273 1845 2344 1909 et
2389 1836 2460 1909 in
2517 1834 2881 1907 discrimen
2944 1832 3167 1905 veniat
3216 1831 3591 1905 Academia
3729 1892 3739 1901 .

537 1951 710 2050 ipsa..
818 1952 1164 2029 »Videant
1215 1954 1432 2052 igitur
1481 1954 1820 2029 Consules
1871 1979 1962 2029 ne
2011 1954 2184 2052 qud
2235 1954 2621 2053 respublica
2670 1953 2958 2051 accipiat
3008 1951 3403 2024 detrimenti
3427 1952 3493 2023 !’'
3550 2014 3553 2019 .

635 2190 907 2267 Redeat
981 2216 1168 2269 nunc
1237 2216 1392 2267 mea
1463 2194 1680 2269 oratio
1737 2194 1904 2269 illuc
1979 2194 2163 2269 unde
2244 2193 2555 2292 digressa
2625 2202 2753 2267 est.
2854 2191 3195 2264 Revocavi
3261 2189 3459 2261 vobis
3520 2190 3589 2261 in

541 2318 848 2387 mentem
903 2310 1058 2408 ipsa
1096 2311 1435 2410 principia
1477 2336 1660 2410 quae
1704 2313 2088 2410 Legislator
2137 2338 2318 2387 anno
2377 2314 2562 2387 1815
2615 2314 2685 2386 in
2742 2311 3127 2387 ordinanda
3179 2309 3593 2382 Academica

539 2426 976 2507 institutione
1047 2440 1328 2509 secutus
1389 2439 1535 2518 est,
1586 2456 1768 2528 qnae
1811 2432 2134 2530 equidem
2190 2433 2561 2529 respiciens
2611 2432 2902 2507 arbitror
2950 2431 3153 2504 nobis
3211 2430 3357 2502 iure
3407 2428 3591 2501 diem

535 2571 684 2745 ἕως
767 2549 1142 2625 Academia
1211 2559 1318 2625 est
1397 2552 1716 2625 restituta
1797 2552 1878 2625 iu.
1943 2552 2290 2648 inthum
2309 2609 2328 2639 ‚
2417 2552 2601 2625 diem
2681 2548 3191 2623 memorabilem
3264 2546 3593 2644 appellari

532 2712 534 2714 >
589 2691 642 2745 e.
679 2690 814 2745 ere.

631 2783 886 2880 Neque
951 2792 1179 2861 tamen
1251 2786 1376 2861 boe
1443 2785 1538 2859 ita
1593 2785 1893 2863 dicimus
1930 2790 2130 2885 quasi
2175 2789 2408 2865 omnia
2449 2764 2539 2861 in'
2570 2787 2812 2859 eodem
2860 2794 3045 2861 statu
3089 2784 3385 2859 fideliter
3430 2810 3587 2859 con·

531 2902 873 2983 servanda·
925 2914 1274 3002 putemus.
1377 2905 1574 2983 Quid
1619 2907 1873 2983 mirum
1919 2908 2148 3007 legem
2185 2917 2346 2983 ante
2397 2909 2519 2983 hos
2562 2907 3074 3005 quinquaginta
3120 2928 3339 2978 annos
3381 2905 3590 2978 latam

535 3044 724 3100 nunc
792 3023 865 3098 in
925 3023 1252 3102 omnibns
1315 3026 1404 3104 ab
1459 3026 1652 3106 omni
1701 3036 1898 3124 parte
1947 3051 2086 3104 non
2135 3028 2438 3126 probari.
2538 3027 2751 3104 Quod
2806 3026 3183 3101 maximum
3240 3034 3388 3112 est,
3444 3024 3591 3098 Lex

531 3140 1106 3220 Fundamentalis
1175 3143 1428 3222 diserte
1490 3145 1782 3241 impemt
1827 3155 1902 3220 ut
1945 3146 2390 3233 emendetur,
2441 3146 2655 3244 idque
2713 3157 2857 3222 tam
2904 3145 3201 3245 graviter
3248 3144 3587 3242 imperat,

537 3267 620 3339 ut
655 3260 803 3334 dies
852 3261 945 3338 ad
995 3285 1242 3340 novem
1291 3264 1554 3362 Iegem
1601 3265 2112 3364 subrogo-adam
2163 3268 2577 3366 praestituta
2622 3269 2760 3342 iam
2802 3266 3204 3366 quindecim
3245 3287 3585 3338 annorum

527 3379 887 3460 intervallo
947 3381 1040 3459 sit
1111 3395 1452 3481 superata.
1557 3386 1742 3483 Ergo
1812 3385 2094 3461 ferenda
2153 3387 2260 3461 lex
2327 3411 2505 3462 nova
2562 3397 2689 3462 est.
2792 3386 2931 3462 Sed
2984 3386 3079 3472 si,
3132 3391 3361 3481 spreto
3414 3383 3585 3480 legis
3716 3461 3729 3468 ,

531 3486 1076 3580 fundamentalis
1107 3502 1436 3602 imperio..
1476 3504 1575 3578 vir
1610 3506 2174 3602 potentissimus,
2211 3509 2416 3582 cuius
2449 3530 2695 3582 novam
2739 3507 2963 3603 legem
3006 3527 3247 3602 rogare
3274 3502 3573 3576 officium

530 3629 680 3706 est,
733 3619 955 3718 palam
1008 3623 1479 3722 pronuntiavit
1521 3624 1614 3698 nil
1655 3624 2165 3715 festinandum,
2217 3651 2519 3724 namque
2550 3626 3037 3700 Academicum
3074 3624 3577 3698 institutionem

530 3736 600 3811 in
674 3743 1016 3836 praesenti
1079 3751 1268 3815 statu
1337 3742 1472 3816 dici
1532 3767 1732 3841 posse
1776 3746 2035 3843 patriae
2079 3770 2231 3819 esse
2285 3747 2503 3820 bonae
2546 3745 2765 3843 frugis
2820 3745 3108 3818 feracem
3132 3799 3152 3829 ‚
3206 3741 3415 3814 habet
3463 3741 3579 3814 illa

531 3879 640 3931 res
707 3857 1049 3957 insignem
1101 3859 1376 3934 laudem
1427 3861 1832 3959 legislatoris
1873 3866 2039 3938 anni
2098 3867 2282 3939 1815
2338 3865 2408 3939 et
2453 3865 2545 3938 ob
2604 3889 2683 3939 ea
2732 3887 2909 3960 quae
2958 3861 3301 3960 praecepit
3357 3860 3427 3934 et
3482 3859 3573 3934 ob

522 3999 612 4053 ea
655 3999 838 4074 quae
888 3988 1090 4056 caute
1139 3980 1390 4056 maluit.
1433 3981 1796 4059 indefinita
1843 3984 2250 4082 relinquere.

629 4095 780 4171 Erit
846 4107 1077 4177 tamen
1137 4099 1514 4196 aliquando
1551 4099 1666 4174 ille
1720 4101 1866 4177 dies
1921 4127 2062 4201 quo
2115 4104 2290 4203 legis
2335 4105 2623 4202 imperio
2666 4101 3040 4201 parebitur.
3142 4098 3570 4172 Periculosae

525 4215 812 4322 plenum
884 4242 1064 4316 opus
1117 4217 1307 4297 aleae
1375 4220 1508 4296 erit
1557 4219 1897 4319 imprimis
1950 4224 2044 4298 ob
2087 4225 2328 4324 longas
2367 4249 2621 4299 moras.
2717 4225 2803 4296 ln
2852 4223 2969 4296 illo
3018 4243 3205 4294 more
3254 4218 3569 4292 codicum

523 4331 700 4432 legis
761 4335 1292 4418 condendarum.
1337 4338 1472 4414 sub
1535 4365 1676 4436 quo
1743 4343 2075 4433 vivimus,
2147 4369 2258 4418 me
2316 4345 2549 4419 iudice
2600 4343 2945 4441 optimum
2989 4341 3175 4414 factu
3230 4349 3341 4410 est
3385 4337 3571 4433 leges

515 4475 650 4550 9⁸¹
699 4463 928 4550 Partes
977 4455 1402 4544 emendare„
1455 4478 1544 4536 nc
1592 4460 1766 4558 quid
1813 4465 2004 4560 quod
2049 4464 2320 4538 bonum:
2356 4474 2426 4537 et
2467 4463 2765 4561 probum
2826 4462 3047 4543 inest,
3110 4456 3321 4530 rebus
3374 4455 3573 4532 malis

521 4577 602 4644 et
641 4571 864 4647 noxiis
907 4573 1453 4664 contaminetur,
1509 4588 1590 4652 ut
1631 4580 1821 4679 leges
1867 4607 2138 4680 semper
2171 4583 2601 4680 temporibus
2644 4581 3089 4676 moribusque
3136 4575 3566 4652 conveniant.

525 4689 604 4764 Si
665 4715 892 4770 cessas
955 4701 1025 4770 et
1069 4694 1431 4776 cunctaris.
1471 4700 1840 4778 emandare
1883 4713 1956 4776 et
2003 4703 2338 4801 corrigere
2387 4713 2656 4800 partes,
2731 4711 2809 4774 ut
2862 4699 3085 4773 serius
3127 4706 3343 4770 totam
3396 4696 3569 4793 legis

522 4831 925 4909 compagem
993 4837 1076 4893 ac
1137 4813 1388 4895 seriem
1457 4815 1668 4895 simul
1734 4820 2055 4911 ordines,
2124 4822 2318 4896 novis
2389 4845 2663 4919 semper
2730 4815 3189 4894 incommodis
3252 4816 3571 4912 vitiisque
