4942 6175
1786 648 2340 718 onario
2478 616 2489 623 “
3510 644 3596 713 w

647 858 1158 939 Remrduuini·
1197 858 1388 935 illam
1451 858 1848 935 comitatem
1913 869 1986 935 et
2039 858 2462 935 alacritatem
2530 864 2603 933 et
2665 856 3168 958 benignitatem
3222 856 3297 931 in
3340 852 3593 943 vulta,

545 982 622 1057 in
669 978 894 1057 oculis
913 1036 936 1069 ,
983 978 1061 1054 in
1107 977 1466 1077 iungenda
1517 976 1796 1055 dextra!
1867 978 2064 1055 Haec
2099 977 2402 1053 indolem
2445 976 2661 1053 animi
2706 976 3111 1079 arguebant.
3212 974 3483 1050 Natura
3528 979 3599 1047 et

535 1100 828 1199 ingenio
907 1096 1184 1174 hilarior
1203 1156 1226 1187 ,
1285 1120 1714 1197 quamquam
1775 1105 1964 1171 totus
2027 1097 2100 1171 in
2167 1094 2419 1171 studiis
2434 1152 2458 1183 ,
2522 1095 2804 1173 amabat
2868 1102 3101 1169 tamen
3158 1092 3230 1167 in
3292 1102 3596 1190 tempore

551 1217 994 1295 festivitatem
1039 1213 1460 1291 convivalem
1505 1220 1578 1289 et
1619 1212 2062 1291 dulcissimas·
2099 1212 2480 1289 amicorum
2518 1214 3131 1291 confabulationes,
3236 1213 3328 1287 Et
3367 1219 3598 1286 tamen

549 1336 742 1412 illam
785 1345 1104 1411 naturam
1154 1341 1298 1408 tam
1344 1332 1630 1407 hilarem
1651 1390 1672 1421 ‚
1721 1332 2076 1423 festivam,
2125 1334 2400 1409 firmam
2441 1341 2515 1408 et
2560 1332 2855 1409 validam
2900 1334 3250 1409 occultum
3294 1330 3595 1421 malum,

491 1538 502 1549 ,
545 1464 628 1538 in
701 1454 1002 1531 tenebris
1077 1474 1358 1551 serpens
1379 1509 1400 1540 ‚
1475 1450 1592 1525 vix
1661 1452 1932 1529 intimis·
1987 1452 2228 1528 amicis
2288 1462 2535 1529 notum
2556 1510 2577 1542 ,
2656 1452 3079 1528 destruebat.
3208 1450 3385 1551 Spes
3450 1458 3599 1527 erat

543 1574 830 1651 aestivis
907 1571 1266 1647 mensibus
1351 1572 1842 1647 amoenitatem
1911 1584 2198 1649 naturae
2268 1581 2338 1648 et
2409 1572 2583 1649 coeli
2658 1571 3093 1647 clementiam
3166 1570 3242 1645 in
3315 1570 3597 1646 Geldria

549 1718 840 1795 aegram
903 1701 1362 1769 recreaturum
1386 1743 1414 1779 ‚-
1477 1690 1602 1765 ubi
1654 1691 1808 1791 ipse
1864 1692 2086 1768 laetus
2146 1694 2404 1769 laetum
2463 1691 2831 1768 cernebam
2888 1700 2963 1767 et
2992 1691 3261 1767 dulces
3312 1714 3475 1765 cum
3518 1714 3603 1765 eo

551 1814 756 1889 horas
813 1811 1176 1899 fallebam
1249 1810 1374 1885 sed
1427 1810 1686 1887 frustra
1732 1836 1816 1887 ea
1857 1834 2014 1911 spes
2059 1810 2213 1890 fuit.
2316 1814 2661 1889 Reversus
2703 1813 2843 1888 hnc
2889 1820 3049 1913 post
3094 1811 3298 1887 ferias
3342 1832 3600 1885 novum

547 1932 720 2007 mali
779 1932 1122 2031 impetum
1184 1930 1520 2007 sustinuit
1561 1940 1634 2005 et
1686 1954 1846 2005 mox
1894 1931 1986 2007 ad
2033 1956 2252 2032 aquas
2295 1934 2629 2009 salutares
2672 1932 3018 2032 profectus
3062 1930 3155 2007 ad
3200 1955 3395 2031 spem
3442 1926 3603 2005 ulti-

555 2069 742 2127 mam
791 2049 1302 2151 experiendam.

651 2170 846 2247 Vicit
907 2170 1008 2245 vis
1075 2169 1279 2245 mali!
1378 2170 1804 2246 Meministis
1875 2171 2014 2247 diei
2081 2174 2175 2247 22
2237 2196 2325 2247 m.
2385 2172 2805 2248 Novembris
2866 2196 3088 2272 quum
3139 2195 3267 2245 nos
3314 2171 3603 2246 acerbus

555 2290 854 2366 nuncius
921 2288 1194 2365 afflixit.
1288 2289 1376 2363 In
1435 2288 1604 2364 flore
1671 2290 1916 2371 aetatis
1983 2301 2261 2391 raptum
2331 2292 2527 2392 luget
2596 2292 2973 2392 Disciplina
3036 2291 3460 2367 industrium
3532 2298 3603 2365 et

549 2408 982 2487 indefessum
1051 2408 1164 2483 sui
1227 2408 1562 2483 cultorem
1581 2465 1602 2496 ‚
1673 2409 2050 2485 Academia
2118 2412 2330 2485 decus
2400 2419 2472 2485 et
2536 2422 3021 2487 ornamentum
3040 2470 3063 2501 ‚
3138 2436 3265 2486 nos
3326 2410 3604 2487 fidelem

559 2529 862 2605 amicum
886 2584 909 2615 ,
973 2527 1284 2602 studiosa
1344 2527 1672 2603 iuventus
1733 2529 2065 2605 eximium
2113 2540 2185 2604 et
2228 2530 2757 2605 dilectissimum
2804 2539 3333 2631 praeceptorem.
3432 2530 3603 2607 Lec-

562 2647 876 2725 tissimae
925 2646 1240 2746 coniugis
1287 2653 1358 2720 et
1406 2648 1622 2744 patris
1667 2648 2038 2747 grandaevi
2085 2648 2351 2723 luctum
2404 2648 2565 2747 quis
2614 2649 2837 2725 verbis
2885 2652 3207 2726 enarret?
3356 2664 3383 2687 '

661 3122 1250 3200 Aestumata'ssimi
1310 3124 1650 3224 collegae!
1721 3127 1782 3202 si
1849 3126 2106 3207 multas
2176 3127 2304 3202 hoc
2373 3151 2561 3203 anno
2630 3127 3037 3204 acerbitates
3106 3129 3466 3205 hausimus
3524 3149 3608 3203 eo

567 3245 794 3345 magis
865 3243 1256 3344 gaudemus
1329 3269 1522 3345 spem
1589 3271 1740 3322 esse
1801 3249 2464 3323 aestumatissimum
2526 3247 2860 3348 collegam
2931 3248 3235 3324 Verdam
3308 3273 3349 3324 e
3414 3247 3609 3350 gravi

567 3367 810 3442 morbo
881 3390 1020 3466 quo
1085 3368 1256 3467 ipsis
1331 3367 1516 3442 hisce
1585 3366 1836 3440 diebus
1897 3365 2106 3442 fuerit
2163 3375 2517 3465 correptus
2535 3424 2556 3455 ‚
2616 3379 2993 3442 recreatum
3042 3365 3166 3457 iri3
3214 3367 3605 3470 gaudemus

565 3486 778 3563 etiam
823 3485 1296 3585 compluribus
1343 3497 1657 3562 nostrum
1706 3487 1886 3564 laets
1931 3494 2003 3560 et
2051 3509 2376 3586 prospera
2421 3484 2817 3586 contigisse.

665 3606 968 3682 Primam
1034 3605 1236 3682 liceat
1302 3627 1832 3684 commemorare
1895 3607 2244 3682 fortunam
2315 3630 2742 3708 quamquam
2799 3607 3029 3682 evenit
3074 3606 3445 3682 novissima
3462 3664 3483 3695 ‚
3534 3615 3605 3680 et

571 3726 738 3826 quia
797 3749 937 3800 una
995 3727 1308 3802 omnium
1375 3729 1672 3804 maxime
1733 3736 1842 3802 est
1895 3727 2358 3802 memorabilis
2421 3737 2493 3802 et
2552 3728 2722 3828 quia
2762 3727 3057 3826 contigit
3106 3726 3237 3801 tibi
3256 3784 3277 3815 ‚
3340 3726 3603 3826 dignis·

573 3845 752 3922 sime
826 3869 956 3920 van
1025 3846 1305 3944 Hengel
1326 3905 1347 3936 ‚
1425 3848 1550 3946 qui
1620 3857 1934 3922 nostrum
1973 3841 2282 3922 omnium
2353 3848 2617 3947 primus
2684 3873 2759 3922 es
2780 3903 2801 3936 ,
2870 3847 2997 3945 qui
3058 3869 3187 3921 nos
3242 3869 3485 3921 omnes
3537 3854 3609 3921 et

575 3964 833 4040 multos
897 3964 1296 4065 longissime
1361 3975 1586 4041 aetate
1651 3991 1934 4066 superas
1953 4025 1973 4054 ,
2043 3967 2166 4040 sed
2221 3975 2452 4042 tamen
2512 3966 2832 4042 lubenter
2884 3965 3054 4040 vivis
3112 3965 3477 4041 nobiscum
3536 3973 3608 4039 et

575 4107 788 4182 quem
853 4081 1027 4158 adeo
1085 4109 1326 4160 omnes
1387 4095 1458 4160 et
1515 4109 1928 4161 veneramur
1989 4095 2060 4160 et
2121 4109 2460 4162 amamus.
2560 4076 2969 4161 Gaudcmus
3028 4093 3102 4161 tc
3160 4085 3359 4161 illum
3423 4083 3613 4162 diem

575 4201 838 4278 laetum
901 4202 1086 4278 inter
1141 4204 1356 4280 laetos
1414 4205 1816 4293 recoluisse,
1883 4229 2026 4304 quo
2082 4215 2244 4281 ante
2303 4229 2521 4282 annos
2588 4206 3099 4306 quinquaginta
3150 4227 3409 4282 munus
3456 4229 3609 4304 pro-

575 4321 940 4398 fessoriam
1009 4322 1082 4396 in
1153 4324 1512 4400 Athenaeo
1579 4325 2058 4401 Franckerano
2123 4325 2509 4426 suscepisti.
2611 4327 2805 4402 Bene
2856 4326 3026 4415 tibi,
3075 4327 3201 4425 qui
3250 4326 3439 4400 solus
3492 4349 3609 4400 su·

579 4449 846 4540 pcrstes
905 4465 982 4518 es
1031 4466 1118 4518 ex
1159 4444 1486 4518 omnibus
1508 4503 1530 4533 ‚
1595 4443 1720 4544 qui
1765 4452 1914 4518 tum
1979 4444 2240 4544 ubique
2283 4445 2372 4519 ad
2426 4445 2781 4520 restitutas
2826 4444 3235 4520 Academias
3280 4453 3352 4520 et
3390 4444 3609 4518 Athe—

583 4580 756 4636 naea
823 4561 1264 4640 vocabantur.
1389 4564 1582 4640 Bene
1653 4563 1784 4638 tibi
1800 4620 1823 4653 ,
1893 4563 2018 4662 qui
2081 4564 2276 4640 illum
2349 4565 2609 4642 festum
2684 4565 2869 4639 diem
2926 4563 3026 4640 its
3074 4563 3436 4640 celebrasti
3492 4574 3613 4653 ut,

583 4705 1008 4781 quamquam
1057 4681 1358 4758 multum
1409 4707 1690 4783 superas
1737 4683 1927 4758 illam
1965 4692 2258 4760 aetatem
2283 4741 2304 4774 ,
2355 4709 2567 4785 quam
2608 4688 2816 4784 posta
2856 4685 3291 4760 Psalmornm
3340 4682 3617 4760 nonnisi

583 4800 1068 4878 valemissimis
1113 4801 1405 4891 tribuit,
1463 4813 1701 4878 tamen
1749 4827 1886 4878 non
1937 4803 2086 4878 eius
2131 4805 2446 4904 exemplo
2489 4805 2684 4904 quod
2732 4805 2920 4882 illius
2962 4803 3616 4881 excellentissimum
