4942 6175
1449 655 1582 723 114
2598 655 3337 724 l.n.1⁸RUlN

1449 862 1540 939 sit
1581 862 1760 937 bene
1813 860 2056 937 multis
2107 868 2178 937 et
2225 870 2555 937 censeant
2598 884 2877 960 quoque
2917 860 3125 959 Regii
3166 860 3499 939 Ministri.
3596 862 3728 937 Est
3770 860 3941 937 haec
3990 860 4299 961 profecto
4347 886 4487 954 res,

1448 981 1508 1057 si
1565 1006 1708 1080 qua
1765 982 1899 1057 alia
1916 1040 1938 1071 ,
1996 980 2148 1055 sine
2185 980 2290 1055 ira
2341 987 2412 1055 et
2463 980 2696 1055 studio
2742 979 3241 1057 consideranda
3284 988 3356 1055 et
3406 978 3916 1081 perpendenda.
4016 980 4111 1053 Et
4161 988 4390 1055 tamen
4429 982 4489 1057 si

1441 1109 1850 1201 argumenta
1906 1100 2281 1201 ponderes,
2345 1100 2607 1199 quibus
2665 1099 2805 1175 iam
2864 1100 2957 1175 de
3006 1124 3094 1175 ea
3142 1100 3579 1200 disputatur,
3628 1101 3705 1175 in
3756 1101 3885 1177 hac
3922 1122 4207 1199 quoque
4254 1098 4485 1200 dispu-

1439 1220 1700 1295 tatione
1741 1219 1932 1320 apud
1977 1221 2236 1297 multos
2287 1220 2595 1321 partium
2646 1220 2959 1296 studium
3004 1221 3227 1296 valere
3266 1220 3519 1297 videas.
3618 1222 3716 1295 Et
3762 1219 3941 1319 quid
3984 1220 4057 1295 in
4100 1220 4253 1296 aliis
4278 1220 4483 1297 rebus

1431 1336 1750 1413 futurum
1802 1340 1956 1413 est?

1529 1458 1737 1535 Quae
1801 1481 2025 1555 quum
2073 1458 2174 1533 ita
2244 1456 2385 1532 sint
2432 1498 2527 1515 —
2570 1454 2711 1531 iam
2758 1454 2945 1531 enim
3000 1456 3095 1533 ad
3132 1458 3343 1533 finem
3388 1455 3782 1557 properanti
3828 1455 4001 1531 mihi
4048 1456 4276 1533 multa
4324 1470 4479 1535 sunt

1433 1576 2046 1673 praetermittenda
2099 1620 2202 1639 --
2258 1575 2485 1651 dicam
2532 1582 2767 1675 aperte
2812 1576 3004 1675 quod
3050 1577 3291 1653 sentio.
3396 1576 3615 1656 Quod
3660 1574 3851 1676 apud
3900 1584 4169 1651 exteros
4215 1576 4475 1655 dudum

1435 1694 1928 1793 sapientissimi
1993 1696 2120 1771 viri
2189 1694 2886 1784 commendaverunt,
2956 1703 3029 1773 et
3060 1707 3063 1710 ’
3092 1696 3283 1795 apud
3332 1721 3464 1773 nos
3514 1696 3801 1795 Collega
3852 1720 4052 1770 meus
4098 1703 4173 1771 et
4222 1698 4475 1773 amicus

1439 1814 1912 1915 Opzoomerus
1972 1840 2390 1915 magnopere
2445 1816 2711 1904 suasit,
2778 1824 2857 1891 ut
2901 1816 2977 1893 id
3014 1816 3387 1914 aliquando
3431 1818 3555 1892 fiat
3574 1876 3596 1907 ,
3642 1816 4013 1891 necessitas
4059 1815 4368 1915 postulat
4410 1824 4474 1893 et

1431 1941 1653 2031 urget.
1755 1935 1941 2009 Iuris
1979 1934 2328 2009 condendi
2375 1942 2446 2009 et
2492 1934 2865 2032 supplendi
2909 1935 3257 2033 provincia
3302 1943 3491 2011 certo
3528 1935 3740 2011 alicui
3780 1934 4153 2011 mandet-ur
4194 1936 4471 2036 collegio

1424 2051 1701 2150 legibus
1775 2054 2155 2131 scribendis
2213 2062 2288 2128 et
2351 2054 2826 2130 emendandis.
2924 2054 3283 2153 Legantur
3344 2055 3419 2129 in
3480 2054 3613 2130 hoc
3662 2054 4032 2152 collegium
4082 2053 4187 2129 illi
4236 2054 4360 2153 qui
4400 2063 4467 2129 et

1421 2170 1592 2245 iuris
1635 2172 1960 2262 scientia,
2011 2180 2081 2247 et
2125 2198 2262 2247 usu
2311 2172 2545 2270 legum
2600 2173 3160 2272 experientiaque
3205 2174 3460 2249 forensi
3508 2174 3772 2274 optime
3818 2173 4255 2273 intelligant,
4304 2174 4464 2273 quid

1420 2297 1493 2363 et
1553 2290 1726 2365 iuris
1785 2300 1858 2366 et
1917 2301 2228 2368 mutatae
2275 2292 2657 2369 identidem
2704 2294 3099 2367 commercii
3146 2294 3465 2391 vitaeque
3516 2292 3817 2369 rationes
3868 2293 4244 2392 postulent.
4316 2293 4463 2368 Hoc

1413 2408 1516 2482 illi
1579 2410 1957 2511 legislatori
2022 2419 2431 2512 proponant.
2536 2412 2751 2491 Quod
2816 2414 3169 2511 quomodo
3209 2412 3460 2489 facturi
3514 2412 3653 2487 sint
3672 2471 3693 2502 ,
3744 2420 3816 2487 et
3864 2413 4149 2512 qualem
4194 2412 4267 2489 in
4314 2436 4455 2489 mu-

1410 2554 1574 2605 nere
1639 2556 1769 2607 suo
1828 2532 2186 2632 fungendo
2247 2533 2556 2607 secuturi
2616 2534 2759 2607 sint
2816 2534 3155 2609 rationem
3174 2591 3197 2621 ,
3268 2534 3621 2633 explorare
3683 2556 3827 2609 non
3893 2532 4105 2609 huius
4158 2541 4268 2609 est
4288 2566 4293 2569 ·
4316 2531 4455 2611 loci.

1406 2650 1836 2726 Paucissima
1903 2661 2179 2727 tantum
2251 2651 2596 2727 indicabo.
2700 2652 3089 2751 Diligenter
3142 2653 3273 2728 hnc
3292 2712 3312 2743 ,
3379 2654 3441 2729 si
3489 2654 3769 2753 quando
3818 2654 4227 2731 instituetur
4266 2654 4452 2729 colle·

1405 2768 1606 2867 gium
1627 2826 1646 2857 ,
1718 2770 2076 2846 attendere
2145 2770 2430 2845 debebit
2488 2771 2580 2845 ad
2642 2770 3255 2869 iurisprudentiam
3316 2773 3568 2849 Curiae
3628 2774 4009 2874 Supremas
4054 2782 4128 2849 et
4170 2774 4450 2872 reliquo-

1405 2909 1566 2962 rum
1629 2888 1984 2979 iudicum;
2057 2898 2374 2965 accurate
2436 2914 2847 2990 cognoscere
2910 2892 3289 2967 sententias
3351 2902 3422 2968 et
3483 2894 3741 2993 scripta
3790 2894 4444 2983 Iunecousultorum,

1403 3005 1642 3081 audire
1693 3008 1950 3107 peritos
1993 3016 2064 3084 et
2107 3009 2468 3085 observare
2512 3010 2853 3111 populum
2877 3067 2898 3100 ,
2948 3009 3209 3110 quibus
3252 3010 3353 3085 illi
3396 3012 3671 3112 legibus
3709 3038 3891 3114 opus
3930 3014 4029 3090 sit
4070 3014 4447 3114 explorare,

1405 3134 1476 3202 et
1506 3153 1622 3202 ess
1640 3186 1662 3217 ,
1703 3128 2032 3206 adiuncto
2059 3131 2151 3205 ad
2176 3131 2669 3207 illustrandum
2696 3131 3191 3206 commentario
3207 3188 3228 3219 ,
3276 3155 3657 3231 proponere
3684 3134 4093 3210 Ordinibus.
4196 3134 4448 3210 Praesit

1402 3245 1690 3345 collegio
1740 3248 2010 3347 Regius
2047 3249 2404 3338 Minister,
2455 3251 2599 3325 sive
2642 3252 2906 3326 Rerum
2948 3250 3389 3326 Iudicialium
3410 3308 3433 3340 ,
3470 3277 3597 3328 seu
3640 3253 3871 3353 potius
3908 3254 4001 3328 ad
4041 3255 4177 3329 hoc
4222 3254 4444 3352 ipsum

1401 3373 1672 3442 meatus
1719 3367 2046 3444 Minister
2091 3369 2458 3469 singularis
2476 3428 2497 3460 ,
2548 3370 2672 3469 qui
2691 3429 2710 3460 ,
2760 3395 2803 3446 a
2852 3371 3137 3470 reliquis
3180 3371 3479 3471 negotiis
3524 3371 3859 3448 immunis
3877 3431 3898 3462 ,
3952 3373 4141 3472 leges
4182 3381 4443 3472 rogatas

1401 3485 1474 3558 in
1543 3486 1893 3564 Ordinum
1959 3498 2164 3564 coetu
2235 3491 2533 3589 explicet
2596 3497 2666 3566 et
2735 3489 3081 3566 defendat.
3186 3492 3477 3568 Caetera
3543 3491 3829 3590 quidem
3894 3517 4084 3570 nuuc
4152 3501 4438 3596 praeter·

1399 3605 1622 3682 mitto.
1721 3609 1822 3682 At
1867 3610 1998 3684 hoc
2043 3634 2264 3685 unum
2311 3611 2589 3686 addam.
2688 3611 3228 3714 Emendat-,iones
3278 3635 3437 3700 eae,
3488 3637 3669 3711 quae
3714 3611 3805 3688 ab
3850 3611 4023 3711 ipsis
4066 3611 4443 3688 Ordinibus

1400 3726 1690 3824 proponi
1755 3727 2012 3819 solent,
2075 3731 2148 3804 in
2207 3730 2317 3804 his
2365 3730 2653 3830 quidem
2698 3730 2974 3830 legibus
3027 3755 3166 3806 non
3213 3731 3674 3808 admittantur
3720 3732 3857 3808 nisi
3900 3732 4221 3810 cautione
4265 3739 4443 3808 certa

1395 3853 1466 3916 et
1512 3845 1968 3923 declinatione
2019 3845 2326 3926 incuriae
2375 3859 2446 3926 et
2495 3851 2813 3928 levitatis.

1501 3962 1617 4037 Sic
1679 3965 1969 4040 demum
2033 3969 2124 4042 ad
2175 3972 2605 4068 propositum
2677 3971 3017 4069 perveniri
3063 3971 3337 4070 poterit.
3436 3969 3711 4068 Legum
3757 3969 4187 4060 emendatio,
4238 3993 4440 4068 quam

1397 4083 1852 4158 necessariam
1915 4109 2064 4159 esse
2125 4087 2382 4162 scimus
2421 4113 2699 4178 omnes,
2757 4099 2925 4166 tunc
2976 4091 3261 4166 demum
3308 4098 3379 4164 et
3422 4090 3603 4165 effici
3649 4089 3903 4188 poterit
3944 4098 4017 4166 et
4061 4113 4219 4166 esse
4266 4089 4438 4166 Eruc-

1401 4212 1639 4291 mosa,
1690 4203 1752 4276 si
1802 4204 2250 4282 mandabitur
2299 4207 2460 4282 viris
2508 4207 2779 4282 idoneis
2828 4218 2899 4282 et
2946 4209 3189 4306 peritis
3207 4267 3231 4300 ,
3279 4207 3404 4307 qui
3452 4207 3627 4282 nihil
3666 4216 3881 4307 egent
3931 4218 4286 4309 praeterea
4304 4269 4325 4299 ,
4372 4217 4440 4286 et

1393 4323 1496 4397 ita
1562 4322 1702 4396 sint
1763 4323 2112 4400 nullarum
2179 4325 2477 4425 partium
2502 4385 2523 4416 ,
2598 4333 2680 4400 ut
2743 4335 3022 4425 propter
3067 4327 3370 4424 partium
3422 4326 3734 4402 studium
3788 4353 4029 4406 eorum
4078 4353 4257 4428 opus
4302 4351 4438 4403 non

1397 4443 1842 4539 repudietur,
1889 4454 1962 4519 et
2003 4469 2304 4545 quorum
2355 4445 2549 4524 labor
2598 4470 2738 4521 non
2790 4455 3059 4546 pereat,
3108 4447 3169 4522 si
3214 4446 3497 4545 quando
3543 4447 3845 4548 partium
3894 4457 4209 4524 mutetur
4254 4449 4436 4548 prin·
4544 4525 4563 4540 ,

1395 4560 1664 4658 cipatus
1681 4619 1701 4651 ,
1769 4564 1878 4638 vel
1947 4565 2219 4664 quoties
2286 4575 2565 4667 propter
2628 4566 3207 4666 qualemcumque
3274 4591 3555 4644 causam
3606 4567 3758 4646 aliis
3806 4568 4153 4644 Ministris
4204 4569 4433 4646 mode-

1392 4704 1638 4754 ramen
1699 4705 1930 4758 rerum
2001 4687 2446 4783 permittitur.
2548 4687 2711 4762 Hoc
2782 4688 3051 4763 utinam
3104 4687 3229 4763 fiat
3272 4687 3680 4786 aliquando!
3781 4689 4191 4768 Permovere
4233 4687 4431 4786 legis-

1395 4799 1644 4876 latores
1687 4825 1816 4877 nec
1861 4805 2248 4902 quiescere,
2294 4807 2703 4906 priusquam
2738 4807 2813 4884 id
2854 4807 3044 4906 quod
3084 4815 3268 4884 recte
3308 4808 3629 4886 volumus
3668 4805 4010 4886 fuerimus
4047 4805 4433 4894 consecuti,
