4942 6175
1466 632 1666 729 110'
2635 660 2683 724 1.
2780 658 3371 726 A.FRU1-N

1464 867 1807 970 promittit
1825 926 1845 955 ,
1918 865 2087 963 quin
2152 866 2404 964 polissa
2474 864 2813 963 expressis
2878 864 3105 939 verbis
3178 864 3460 955 doceat,
3535 865 3883 965 permulta
3924 865 4103 966 legis
4150 874 4514 969 praecepta

1463 1012 1606 1063 non
1659 1010 1808 1062 esse
1855 985 2162 1061 valitura.
2262 983 2458 1063 Quid
2490 983 2779 1059 multa?
2880 984 2962 1057 In
3020 990 3165 1059 toto
3210 982 3354 1059 fere
3394 983 3543 1059 iure
3588 982 3990 1063 memmio
4038 983 4332 1085 scriptae
4373 986 4515 1089 legi

1464 1108 1884 1209 privatorum
1957 1111 2158 1205 pacta
2225 1103 2563 1203 derogare
2634 1103 2845 1179 vides.
2948 1102 3225 1182 Quodsi
3293 1126 3379 1177 ex
3440 1126 3524 1179 eo
3570 1102 3748 1179 nihil
3794 1102 3994 1181 aliud
4030 1104 4338 1183 oriretur
4376 1108 4512 1184 nisi

1461 1227 1572 1301 ius
1639 1226 1977 1301 incertum
1999 1281 2022 1313 ,
2089 1223 2466 1299 dolendum
2537 1231 2771 1297 tamen
2842 1230 3027 1297 esset
3046 1282 3067 1309 ,
3142 1222 3216 1299 id
3264 1246 3415 1297 esse
3466 1221 3807 1299 incertum
3854 1246 3995 1321 quo
4041 1223 4219 1301 nihil
4260 1226 4509 1301 certius

1459 1368 1610 1419 esse
1676 1342 1948 1418 debeat.
2048 1342 2148 1417 At
2214 1364 2437 1416 mores
2454 1399 2476 1429 ,
2540 1350 2794 1417 suntne
2853 1340 2925 1415 hi
2974 1341 3429 1441 negligendi?
3530 1340 3643 1417 An
3698 1342 4045 1441 legislator
4094 1342 4505 1441 probitatem

1456 1463 1746 1540 habebit
1799 1488 1926 1562 pro
1991 1461 2244 1550 nihilo,
2297 1468 2368 1535 et
2413 1460 2589 1535 nihil
2637 1460 2965 1535 interesse
3014 1460 3295 1559 putabit
3346 1459 3527 1535 inter
3578 1460 3770 1537 illam
3813 1470 3891 1535 et
3942 1461 4505 1561 improbitatem?

1458 1584 1683 1682 Leges
1720 1590 1992 1657 nostrae
2029 1582 2116 1655 de
2153 1580 2547 1656 debitorum
2592 1579 3073 1657 obaeratorum
3116 1580 3513 1680 patrimonii
3549 1578 4005 1677 liquidatione
4041 1581 4220 1659 nihil
4254 1582 4507 1659 habent

1457 1703 1648 1803 quod
1709 1700 2109 1777 hominibus
2173 1700 2425 1775 nostris
2494 1726 2622 1775 con
2630 1702 2877 1777 veniat.
2998 1700 3291 1801 Singula
3368 1722 3607 1809 aarum
3682 1700 3911 1800 capita
3984 1699 4507 1799 liquidationem

1460 1848 1597 1898 non
1671 1828 1947 1898 tantum
2013 1820 2364 1897 retardant
2429 1829 2503 1895 et
2570 1820 3000 1921 impediunt,
3064 1844 3303 1895 verum
3374 1819 3583 1895 etiam
3607 1877 3628 1908 ,
3694 1820 3757 1895 si
3812 1820 3902 1895 iis
3950 1819 4503 1920 obtemperatur,

1395 2022 1408 2029 ,
1457 1952 1734 2019 sumtus
1799 1950 1942 2017 tam
2013 1940 2334 2041 ingentes
2377 1942 2564 2017 flunt
2579 2000 2600 2031 ,
2666 1948 2747 2016 ut
2790 1940 3161 2037 creditores
3194 1940 3383 2015 nihil
3427 1940 3571 2017 fere
3626 1939 4005 2040 accipiant,
4054 1948 4167 2030 et,
4219 1942 4285 2017 si
4334 1942 4505 2043 quid

1455 2088 1541 2137 ex
1608 2060 2019 2159 patrimonio
2067 2068 2280 2137 restat
2327 2060 2403 2138 id
2459 2060 2743 2161 publico
2794 2060 3052 2137 aerario
3094 2060 3437 2160 obtingat.
3540 2060 3737 2139 Quid
3788 2084 3945 2135 vero
3988 2084 4075 2137 ex
4118 2060 4247 2141 han
4300 2086 4505 2139 causa

1455 2182 1797 2258 efficitur?
1897 2182 1993 2257 Ut
2045 2188 2456 2256 mercatores
2510 2182 2736 2281 legem
2788 2181 3117 2281 scriptam
3161 2204 3307 2255 non
3358 2180 3685 2280 scriptam
3726 2204 3893 2259 :esse
3944 2181 4387 2270 existiment,
4424 2188 4503 2259 et

1462 2302 1615 2401 lege
1679 2300 1996 2376 destituti
2059 2307 2280 2375 semet
2341 2300 2530 2403 ipsos
2582 2300 2934 2377 adiuvent.
3039 2299 3401 2375 Debitores
3424 2358 3444 2388 ,
3496 2298 3781 2400 perinde
3824 2324 3907 2374 ac
3953 2300 4017 2375 si
4064 2322 4195 2377 nec
4244 2300 4501 2377 iudices

1459 2428 1691 2496 essent
1729 2443 1858 2496 nec
1896 2419 2185 2509 iudicia,
2229 2419 2676 2518 paciscuntur
2716 2440 2879 2493 eum
2923 2417 3416 2507 creditoribus,
3460 2416 3673 2516 idque
3716 2424 4037 2515 pactum,
4082 2442 4499 2519 quamquam

1461 2541 1772 2643 utrisque
1833 2540 2284 2628 damnosum,
2347 2564 2621 2639 semper
2686 2546 2920 2614 tamen
2972 2539 3207 2613 minus
3260 2538 3673 2615 damnosum
3722 2546 3835 2613 est
3888 2562 4101 2637 quam
4152 2539 4499 2639 legitimus

1455 2661 1876 2737 creditorum
1939 2682 2336 2735 concursus.
2437 2658 2674 2733 Nolite
2726 2658 3158 2746 existimare,
3211 2658 3629 2747 Auditoros,
3678 2658 3739 2734 si
3788 2682 4227 2737 communem
4278 2662 4497 2761 reipu-

1461 2778 1682 2853 blicae
1753 2778 2046 2852 salutem
2103 2776 2469 2877 spectetis,
2535 2775 2665 2852 hoc
2707 2777 2949 2853 eodem
2994 2778 3237 2853 redire.
3338 2778 3617 2853 Etenim
3674 2778 3949 2855 debitor
3988 2780 4393 2869 obaeratus,
4444 2779 4502 2855 si

1463 2897 1707 2975 fraude
1765 2898 2006 2973 dolove
2068 2897 2252 2975 malo
2315 2922 2485 2973 usus
2533 2904 2639 2971 est
2690 2895 2987 2996 ideoque
3030 2896 3265 2998 puniri
3310 2897 3559 2988 debet,
3600 2906 3769 2975 tunc
3816 2900 4095 2977 demum
4142 2922 4305 2975 reus
4348 2923 4500 2975 esse

1459 3025 1688 3120 potest
1710 3076 1732 3109 ,
1797 3017 1856 3094 si
1915 3016 2164 3094 iudicis
2231 3016 2579 3094 sententia
2629 3017 3157 3117 pronuntiatum
3204 3026 3310 3094 est
3350 3042 3511 3096 eum
3562 3018 3709 3095 foro
3754 3020 4065 3097 cessisse.
4162 3020 4281 3098 Ita
4316 3019 4499 3121 leges

1453 3146 1728 3214 nostrae
1793 3161 2135 3214 summam
2199 3163 2404 3238 saepe
2474 3137 2965 3237 impunitatem
3034 3146 3432 3239 proponunt
3500 3140 4003 3217 scelestissimis
4079 3139 4491 3216 mortalium.

1455 3259 1555 3333 At
1593 3258 1908 3333 Ciceroni
1953 3257 2314 3333 videbatur
2360 3258 2471 3333 lex
2520 3281 2671 3333 esse
2718 3258 2887 3334 recti
2930 3259 3320 3359 praeceptio
3372 3258 3704 3360 pravique
3750 3259 4101 3360 depulsio!
4188 3261 4499 3338 Alterum

1455 3376 1848 3477 exemplum
1895 3375 2196 3453 afferam.
2298 3376 2509 3452 Vetat
2556 3376 2667 3453 lex
2710 3384 2945 3454 nostra
2992 3385 3439 3478 proxenetam
3492 3388 3950 3456 mercaturam
3996 3380 4219 3456 facere
4266 3405 4495 3456 earum

1455 3522 1685 3573 rerum
1748 3521 2046 3597 quarum
2103 3505 2210 3572 est
2269 3506 2665 3597 proxeneta.
2766 3499 3033 3574 Munus
3103 3499 3489 3600 suscipiens
3508 3559 3529 3590 ,
3594 3500 4038 3576 iureiurando
4102 3525 4178 3576 se
4236 3500 4305 3576 ei
4362 3498 4495 3598 legi

1457 3617 1847 3718 obstringit.
1947 3618 2122 3694 Mox
2185 3626 2418 3694 tamen
2488 3618 2815 3719 intelligit
2864 3619 3014 3695 fieri
3060 3644 3199 3694 non
3252 3644 3455 3720 posse
3504 3627 3587 3696 ut
3634 3619 3845 3696 fidem
3894 3627 3969 3696 et
4014 3619 4489 3696 iusiurandum
4600 3661 4615 3672 ·

1457 3747 1698 3813 servet.
1797 3739 2194 3814 Mercatura
2253 3738 2438 3814 enim
2502 3738 2611 3812 his
2676 3738 3099 3839 temporibus
3158 3748 3265 3816 est
3314 3740 3697 3830 eiusmodi,
3744 3749 3826 3816 ut
3872 3763 4081 3816 nemo
4126 3747 4493 3839 proxeneta

1458 3881 1608 3932 esse
1650 3858 1866 3957 possit
1884 3916 1904 3946 ,
1953 3857 2087 3932 nisi
2129 3858 2481 3934 interdum
2526 3883 2653 3936 suo
2694 3867 2917 3936 marte
2960 3870 3147 3936 emat
3191 3859 3455 3960 aliquid
3498 3870 3569 3938 et
3614 3860 3893 3938 vendat.
3995 3863 4109 3938 Ita
4149 3861 4304 3960 ipsa
4346 3860 4490 3959 lege

1459 3975 1730 4074 cogitur
1767 3977 2128 4052 commoda
2173 4003 2299 4053 sua
2336 3980 2685 4080 negligere
2730 3987 2852 4056 aut
2898 3979 3220 4080 peierare.
3304 3982 3511 4058 Eram
3562 4006 3783 4082 nuper
3822 3981 3897 4056 in
3940 3981 4174 4079 aliqua
4214 3980 4489 4056 urbium

1456 4103 1845 4170 nostrarum
1915 4102 1985 4168 et
2050 4095 2418 4170 intereram
2480 4113 3015 4198 proxenetarum
3081 4101 3409 4178 concilio:
3482 4126 3725 4178 omnes
3774 4108 3970 4178 erant
4015 4101 4135 4178 viri
4184 4101 4488 4200 integrae

1457 4215 1682 4292 famae
1741 4222 1812 4290 et
1871 4214 2398 4290 existimationis
2418 4276 2436 4304 ,
2496 4243 2739 4294 omnes
2800 4228 3034 4319 aperte
3084 4221 3628 4312 confitebantur,
3688 4222 3749 4296 si
3786 4221 3993 4296 verba
4040 4220 4215 4321 legis
4260 4221 4486 4298 obser-

1457 4337 1680 4413 vanda
1749 4344 1980 4412 essent
1999 4395 2019 4425 ,
2093 4361 2166 4412 se
2230 4359 2380 4410 esse
2455 4335 2796 4435 periuros,
2875 4343 2945 4412 et
3010 4362 3169 4412 cum
3236 4339 3415 4414 virili
3486 4349 3559 4414 et
3622 4363 3955 4440 generosa
4016 4339 4489 4441 indignatione

1457 4457 1894 4534 vehementer
1933 4454 2416 4557 postulabant,
2476 4462 2559 4531 ut
2588 4455 2881 4532 tandem
2930 4457 3303 4557 aliquando
3344 4459 3697 4536 tolleretur
3740 4459 3856 4536 ille
3906 4460 4319 4560 scrupulus,
4374 4457 4488 4534 illa

1453 4577 1908 4652 conscientiae
1965 4575 2280 4676 deceptio
2302 4633 2323 4664 ,
2383 4599 2596 4674 quam
2636 4576 2985 4676 legislator
3030 4578 3516 4658 iusiurandum
3557 4587 3629 4656 et
3673 4579 3809 4656 Dei
3846 4579 4259 4657 immortalis
4296 4578 4483 4654 invo-

1453 4695 1792 4770 cationem
1835 4697 2156 4796 appellet.
2239 4695 2434 4775 Quid
2476 4697 2807 4796 quaeritis
2825 4699 2861 4773 P
2930 4697 3361 4776 Huiusmodi
3398 4701 3717 4802 exempla
3754 4700 3895 4776 iam
3940 4708 4125 4778 certe
4168 4698 4487 4776 dubitare

1453 4822 1720 4904 vetant,
1771 4816 1942 4914 quin
1991 4817 2175 4916 leges
2203 4826 2499 4894 nostrae
2544 4817 3027 4896 emendatione
3074 4819 3455 4922 indigeant.
