4942 6175
1345 674 1428 739 16
2209 680 2287 745 Β.
2350 680 2541 748 VAN
2603 676 3063 749 BONEVAL
3128 678 3449 745 Fauna

1348 906 1458 957 res
1520 882 1593 956 in
1653 884 1984 959 invidiam
2031 886 2440 975 adducitur,
2506 896 2579 960 et
2624 886 2747 961 ubi
2795 886 3077 961 tandem
3126 884 3219 959 ad
3261 881 3665 981 corrigenda
3718 882 3955 957 omnia
3999 882 4393 973 acceditur,

1351 1002 1732 1101 periculum
1803 1014 1910 1080 est
1965 1030 2054 1080 ne
2105 1006 2284 1080 bona
2337 1028 2497 1079 cum
2544 1005 2741 1080 malis
2787 1030 2927 1081 una
2972 1005 3395 1105 abrogentur
3436 1009 3510 1076 et
3562 1010 3865 1100 pereant.
3964 1001 4205 1077 Habet
4264 1001 4395 1077 hoc

1353 1122 1659 1198 humana
1725 1133 1973 1199 natura
2043 1134 2124 1199 ut
2189 1123 2501 1199 felicitati
2570 1124 3015 1225 imaginariae
3078 1130 3561 1225 postventurae
3612 1130 3985 1220 postponat
4034 1121 4107 1195 id
4130 1178 4153 1210 ,
4203 1120 4396 1221 quod

1349 1266 1672 1339 praesens
1721 1267 1890 1317 usus
1938 1243 2262 1342 postulat.

1447 1362 1734 1437 Certum
1783 1362 2005 1437 babeo
2049 1374 2232 1438 recte
2277 1364 2624 1439 facturum
2672 1364 3169 1463 Legislatorem
3214 1362 3423 1437 huius
3483 1362 3729 1437 aetatis
3749 1419 3770 1450 ,
3838 1362 3901 1435 si
3948 1361 4397 1461 principia

1351 1479 1524 1580 legis
1569 1481 1816 1557 veteris
1863 1483 2210 1559 retinebit.
2313 1485 2638 1561 Retineat
2686 1484 3073 1559 libertatem
3116 1482 3189 1557 in
3236 1481 3565 1556 omnibus
3609 1505 3787 1579 quae
3836 1480 4397 1556 enumeravimus

1351 1610 1424 1675 et
1492 1602 1564 1674 in
1635 1626 1720 1675 eo
1789 1602 2128 1701 principio
2192 1603 2532 1679 libertatis
2594 1605 2887 1680 docendi
2949 1602 3399 1699 discendique
3456 1599 3558 1673 ita
3621 1608 3837 1698 ponat
3892 1600 4221 1675 fiduciam
4244 1656 4265 1690 ‚
4320 1606 4400 1674 ut
4460 1604 4469 1611 '

1352 1746 1506 1795 eam
1568 1721 1775 1796 latius
1844 1721 2182 1820 proferat,
2249 1733 2321 1797 et
2379 1725 2603 1799 multa
2656 1749 2836 1824 quae
2888 1748 3073 1799 nunc
3126 1720 3485 1795 indefinita
3528 1729 3735 1808 sunt,
3784 1719 4147 1794 indefinita
4192 1718 4399 1793 relin-

1353 1850 1544 1939 quat.
1647 1840 1999 1939 Imprimis
2051 1842 2330 1940 ingenio
2382 1852 2775 1941 temporum
2826 1851 3217 1919 nostrorum
3265 1840 3641 1914 obsecutus
3688 1862 3829 1913 non
3880 1847 4155 1913 tantum
4204 1862 4398 1937 prae-

1353 1960 1574 2057 ceptis
1639 1960 1760 2033 sed
1827 1960 2034 2034 etiam
2086 1960 2285 2035 factis
2330 1962 2685 2061 provideto
2705 2021 2725 2052 ,
2778 1970 2861 2037 ut
2902 1969 3176 2062 praesto
3226 1960 3367 2035 sint
3416 1958 3671 2033 studiis
3720 1959 4033 2035 subsidia
4076 1969 4149 2033 et
4200 1958 4401 2047 adiu·

1355 2086 1591 2151 menta
1660 2078 1846 2151 unde
1907 2078 2084 2153 laeta
2133 2078 2583 2155 efflorescant.
2684 2081 2799 2156 Sic
2860 2079 3066 2156 facito
3136 2088 3462 2178 appareat
3534 2091 3803 2178 praeter
3856 2104 4071 2177 quam
4118 2104 4207 2153 ex
4249 2079 4405 2179 ipsa

1355 2221 1531 2271 nova
1602 2196 2030 2295 legislatione
2097 2198 2620 2275 Institutionem
2694 2201 3185 2276 Academicam
3254 2200 3423 2299 reip.
3498 2222 3649 2273 esse
3712 2205 4086 2299 perpetuae
4156 2222 4362 2273 curae
4378 2256 4401 2289 ‚

1351 2326 1566 2413 atque
1612 2316 1700 2390 iis
1747 2340 1896 2391 esse
1944 2318 2142 2391 cordi
2191 2318 2316 2418 qui
2364 2317 2515 2419 pro'
2538 2322 2778 2420 populi
2826 2320 3209 2396 commodis
3256 2327 3331 2393 et
3377 2319 3815 2418 prosperitati
3861 2319 4231 2395 excubant.

1449 2438 1708 2512 Parcus
1767 2438 1840 2512 in
1915 2438 2308 2513 definiendo
2379 2440 2729 2539 legislator
2791 2442 3021 2541 palam
3082 2440 3291 2514 faciat
3355 2464 3429 2514 se
3496 2439 3825 2513 fiduciam
3871 2438 4127 2513 habere
4169 2438 4403 2514 animo

1355 2554 1728 2653 repositam
1785 2554 1906 2643 iis,
1959 2556 2216 2653 quibus
2267 2558 2725 2634 Academicae
2771 2558 3155 2633 iuventutis
3204 2557 3553 2633 institutio
3604 2557 4085 2633 committitur.
4186 2558 4255 2631 N
4255 2582 4401 2632 am-

1356 2699 1495 2773 que
1563 2674 1652 2749 ab
1717 2674 1854 2748 illis
1906 2674 2164 2772 pendet
2228 2676 2665 2774 potissimum
2736 2678 3047 2751 omnium
3120 2699 3459 2751 consensu
3516 2676 3695 2749 sitne
3754 2674 4133 2749 Academia
4184 2675 4407 2750 bonae

1359 2794 1584 2893 frugis
1631 2794 1818 2868 ferax
1864 2818 1952 2869 an
1995 2795 2248 2869 sterilis
2299 2797 2557 2872 futura.
2660 2795 2843 2876 Quis
2904 2803 3139 2871 autem
3188 2794 3323 2869 illis
3345 2851 3367 2883 ,
3430 2804 3509 2868 ut
3552 2794 3945 2893 Kamperus
3992 2793 4131 2869 iam
4184 2793 4407 2883 dixit,

1365 2914 1585 2989 honor
1629 2913 1864 2988 haberi
1909 2914 2128 2989 maior
2171 2924 2432 3015 potest,
2484 2941 2695 3014 quam
2744 2926 2825 2991 ut
2866 2916 2955 2991 iis
2992 2915 3381 2990 confidatur
3397 2916 3433 2988 P
3504 2915 3622 2989 Sic
3666 2938 3922 3013 magno
3970 2912 4205 2989 animo
4249 2936 4406 3012 gra·

1363 3058 1516 3108 vem
1582 3030 1998 3131 provinciam
2065 3034 2300 3133 magni
2351 3034 2641 3135 periculi
2698 3043 2769 3109 et
2822 3034 3011 3110 aleae
3058 3033 3193 3109 sibi
3240 3032 3637 3134 impositam
3684 3033 4156 3110 sustinebunt.
4256 3032 4408 3110 Ha·

1360 3153 1572 3228 beant
1633 3153 1844 3227 huius
1900 3154 1999 3228 rei
2069 3155 2402 3232 rationem
2480 3155 2797 3256 inprimis
2856 3155 2957 3228 illi
3005 3179 3303 3254 quorum
3350 3155 3423 3230 in
3473 3155 3747 3254 legibus
3788 3152 4089 3228 ferendis
4136 3153 4410 3252 aliquae

1358 3281 1589 3373 partes
1627 3281 1795 3346 sunt
1814 3330 1834 3360 ‚
1885 3280 1956 3346 et
2005 3275 2244 3371 procul
2285 3300 2328 3350 a
2379 3299 2531 3350 sese
2572 3283 2847 3350 arceant
2896 3275 3087 3350 illam
3130 3275 3309 3351 male
3344 3276 3671 3350 latentem
3708 3272 4043 3348 invidiam
4080 3273 4411 3348 adversus

1365 3417 1448 3467 ea
1513 3417 1690 3492 quae
1759 3401 1992 3468 nostra
2057 3395 2412 3496 privilegia
2478 3393 2863 3496 appellitari
2932 3395 3255 3472 assolent.
3358 3395 3679 3493 Denique
3742 3401 4029 3469 caveant
4089 3417 4177 3469 ne
4238 3390 4412 3491 quid

1363 3515 1660 3612 refigant
1717 3521 2072 3588 mutentve
2133 3525 2551 3615 anteaquam
2605 3539 2831 3590 veram
2882 3539 3113 3590 rerum
3170 3515 3638 3615 praesentium
3686 3513 4153 3592 conditionem
4198 3510 4413 3611 probe

1361 3658 1442 3706 ac
1492 3633 1770 3731 penitus
1817 3634 2294 3731 cognoverint!

1465 3991 1872 4077 Guratores‚
1942 3989 2068 4062 viri
2140 3989 2605 4089 Amplissimi!
2682 3990 2889 4065 Iuvat
2962 3990 3276 4064 animum
3346 4013 3582 4064 meum
3638 4015 3867 4066 coram
3932 3989 4125 4064 vobis
4186 3989 4416 4064 dicere

1371 4111 1460 4185 de
1523 4109 1809 4186 florente
1871 4109 2286 4184 Academiae
2340 4117 2563 4197 statu,
2630 4133 2793 4184 nam
2858 4110 3001 4184 Vos
3060 4109 3237 4184 nibil
3284 4109 3671 4208 relinquitis
3720 4109 4143 4183 intentatum
4196 4115 4277 4183 ut
4324 4107 4416 4182 sit

1367 4231 1488 4306 illa
1554 4237 1888 4329 perpetua
1941 4229 2376 4328 prosperitas.
2476 4228 2763 4304 Utinam
2821 4229 2957 4328 ipsi
3009 4253 3249 4304 omnes
3298 4229 3619 4304 florentes
3670 4229 4045 4304 adessetis!
4128 4227 4272 4304 Sed
4325 4226 4415 4303 de

1373 4361 1598 4426 vestro
1659 4373 1938 4448 quoque
2005 4373 2290 4424 numero
2351 4373 2569 4424 unum
2622 4373 2805 4423 mors
2856 4349 3091 4448 rapuit
3142 4349 3475 4424 eximium
3526 4349 3751 4426 virum
3808 4348 4415 4448 Siegenbeekium.

1374 4471 1564 4569 Lege
1607 4469 1913 4544 adscitus
1955 4468 2026 4542 in
2073 4467 2442 4568 collegium
2489 4469 2903 4544 Curatorum
2922 4527 2943 4558 ,
2992 4453 3157 4567 quia
3204 4469 3371 4544 huic
3412 4468 3673 4544 civitati
3715 4477 4026 4567 praeerat
4043 4526 4064 4557 ,
4115 4467 4421 4544 habebat

1375 4590 1544 4666 alias
1596 4613 1838 4664 causas
1879 4613 2004 4663 cur
2051 4597 2247 4663 tanto
2299 4590 2552 4664 honore
2606 4589 3059 4689 dignissimus
3103 4588 3492 4665 haberetur.
3592 4587 3941 4664 Eximiam
3984 4598 4055 4662 et
4102 4587 4251 4688 ipse
4298 4587 4418 4662 de·

1377 4711 1578 4784 derat
1627 4708 1872 4782 litteris
1915 4717 1987 4782 et
2036 4707 2415 4807 disciplinis
2462 4733 2763 4807 operam.
2864 4708 3188 4784 Excoluit
3228 4708 3417 4808 ipsas
3466 4709 3539 4783 in
3584 4707 3713 4784 hac
3759 4715 3993 4783 nostra
4041 4705 4422 4782 Academia

1381 4837 1454 4904 ct
1517 4829 1614 4903 ita
1675 4826 1972 4903 excoluit
2035 4836 2116 4903 ut
2173 4827 2439 4926 paterni
2504 4827 2804 4904 nominis
2866 4829 3146 4904 laudem
3204 4837 3277 4904 et
3344 4827 3635 4927 gloriam
3696 4836 4032 4904 tueretur.
4128 4825 4257 4902 Bis
4274 4885 4297 4918 ‚
4344 4827 4420 4902 in
