4942 6175
1375 660 1507 729 822
2153 662 2202 723 1.
2271 660 2324 725 1.
2391 656 3159 725 conuulsam<
3228 656 3675 725 ORATIO.

1476 865 1903 943 Professores
1920 924 1942 955 ,
2003 866 2133 939 viri
2181 864 2595 941 Clarissimi!
2680 866 2960 941 Praeter
3020 890 3215 965 spem
3280 880 3351 941 et
3414 830 3993 965 eispectationem
4046 864 4223 939 mihi
4264 888 4423 939 con-

1376 986 1630 1086 tingit,
1699 994 1780 1060 ut
1851 984 2272 1083 collegarum
2331 984 2615 1061 nomine
2682 1008 2799 1059 vos
2848 986 3277 1085 compellem.
3394 986 3597 1085 Rogo
3672 1010 3789 1060 vos
3850 994 3925 1061 et
3982 1010 4141 1075 oro,
4190 994 4275 1059 ιιι
4318 1010 4428 1062 me

1377 1106 1674 1181 tironem
1743 1112 1816 1181 et
1880 1104 2124 1179 rudem
2183 1105 2284 1179 ita
2323 1105 2398 1179 in
2453 1114 2759 1179 vestrum
2812 1126 3179 1179 numerum
3222 1107 3566 1205 recipiatis
3586 1165 3607 1195 ‚
3656 1114 3741 1181 ut
3786 1117 3857 1181 et
3904 1107 4189 1183 consilio
4240 1116 4315 1180 et
4356 1131 4427 1185 te

1376 1226 1704 1304 adiuvare
1753 1248 1866 1299 me
1909 1224 2132 1299 velitis
2145 1282 2167 1313 ,
2217 1224 2490 1322 quoties
2532 1224 2667 1297 illis
2712 1224 3063 1324 indigebo.
3136 1226 3259 1299 Me
3302 1226 3643 1325 collegam
3690 1224 4033 1300 habebitis
4056 1234 4131 1299 et
4156 1234 4427 1323 gratum

1377 1354 1450 1421 et
1516 1356 1776 1421 vestrae
1847 1343 2242 1420 auctoritati
2279 1343 2575 1418 libenter
2622 1342 3239 1443 obtemperantem.
3342 1344 3501 1420 Hoc
3546 1344 3753 1421 etiam
3802 1344 4001 1421 enixe
4052 1368 4171 1419 vos
4222 1369 4423 1444 rogo,

1377 1473 1458 1541 ut
1519 1490 1732 1565 quam
1807 1464 2354 1539 benevolentiam
2416 1472 2491 1538 et
2554 1463 2931 1538 amicitiam
2998 1464 3227 1539 adhuc
3294 1464 3473 1539 mihi
3538 1465 4013 1565 praestitistis,
4060 1465 4305 1541 eadem
4354 1465 4425 1538 in

1375 1600 1735 1685 posterum
1781 1608 2060 1683 quoque
2095 1607 2208 1657 me
2258 1582 2793 1681 prosequamini.

1477 1704 1730 1779 Multis
1776 1702 2091 1801 partibus
2137 1702 2264 1776 tibi
2319 1726 2432 1777 me
2472 1702 2873 1777 devinctum
2900 1702 3123 1776 sentio
3143 1760 3164 1789 ,
3212 1703 3629 1779 amicissime
3668 1702 4027 1803 Vitringa!
4078 1706 4191 1779 'l'u
4228 1728 4425 1779 num-

1379 1848 1590 1923 quam
1653 1822 1884 1897 adhuc
1925 1845 2154 1921 neque
2203 1821 2488 1897 consilio
2507 1880 2527 1911 ,
2579 1846 2807 1921 neque
2860 1846 3071 1919 opera
3120 1821 3293 1895 mihi
3340 1821 3645 1897 defuisti.
3760 1822 3921 1897 Non
3966 1848 4239 1921 possum
4290 1848 4427 1899 non

1377 1944 1556 2019 hanc
1615 1942 2041 2017 occasionem
2091 1941 2388 2039 arripere
2409 2001 2428 2029 ,
2482 1952 2563 2015 ut
2606 1952 2768 2015 tuae
2820 1940 3161 2016 amicitiae
3202 1941 3409 2016 etiam
3461 1952 3675 2041 atque
3704 1942 3911 2017 etiam
3948 1967 4059 2017 me
4080 1967 4421 2017 commen·

1377 2063 1538 2138 dem
1615 2087 1695 2137 ac
1750 2062 1959 2136 simul
2022 2059 2297 2162 publice
2354 2061 2618 2160 gratias
2672 2060 2802 2134 tibi
2860 2085 3063 2159 agam
3110 2084 3236 2159 pro
3274 2060 3638 2159 praeclaris
3688 2062 3831 2136 tuis
3872 2060 3945 2135 in
3985 2085 4101 2136 me
4145 2062 4423 2139 meritis.

1373 2182 1486 2255 De
1536 2205 1650 2255 me
1697 2180 1795 2255 sic
1835 2178 1965 2254 tibi
2011 2180 2384 2279 promitto,
2437 2204 2591 2267 me,
2639 2180 3187 2278 quotiescunque
3216 2190 3492 2277 potero,
3542 2190 3937 2279 promptum
3976 2191 4429 2281 paratumque

1379 2300 1524 2377 fore
1571 2300 1662 2376 ad
1710 2309 1958 2375 mutua
2003 2299 2226 2373 officia
2271 2322 2394 2397 pro
2451 2299 2629 2374 virili
2678 2310 2873 2398 parte
2916 2298 3045 2371 tibi
3102 2298 3533 2397 praestanda.

1477 2420 1728 2495 Paucis
1791 2418 1994 2493 liceat
2048 2416 2217 2493 mihi
2264 2442 2384 2491 vos
2427 2442 2705 2517 quoque
2746 2418 2941 2492 affari
2960 2476 2981 2507 ,
3032 2418 3375 2493 Athenaei
3415 2428 3885 2519 praeceptores
3904 2477 3925 2507 ,
3974 2418 4127 2493 Viri
4178 2420 4427 2495 doctis·

1377 2540 1574 2617 simil
1647 2540 1898 2614 Laetor
1959 2548 2032 2613 et
2095 2538 2347 2637 glorior
2364 2595 2387 2626 ,
2454 2538 2645 2637 quod
2692 2549 2765 2613 et
2815 2536 3009 2611 vobis
3050 2536 3332 2637 collegis
3377 2538 3551 2613 mihi
3598 2539 3703 2613 uti
3754 2563 4158 2613 concessum
4201 2549 4309 2613 est
4362 2542 4433 2613 in

1376 2658 1778 2735 dulcissimo
1870 2681 2160 2731 munere
2224 2657 2659 2733 iuventutem
2732 2657 3095 2733 erudiendi
3164 2668 3237 2733 et
3306 2658 3739 2737 instituendi.
3870 2660 4159 2733 Meritas
4242 2660 4431 2733 vobis

1376 2777 1788 2876 debitasque
1843 2776 2101 2877 gratias
2143 2777 2454 2875 persolvo
2508 2777 2599 2850 ob
2643 2800 3095 2875 propensam,
3147 2802 3288 2876 qua
3312 2802 3425 2853 me
3454 2778 3854 2879 accepistis,
3904 2780 4427 2877 benignitatem.

1375 2898 1796 2973 Persuasum
1861 2896 2056 2969 vobis
2117 2895 2252 2985 sit,
2320 2920 2433 2972 me
2485 2896 2679 2971 omni
2738 2896 3181 2971 contentione
3228 2897 3741 2993 elaboraturum
3762 2954 3783 2987 ,
3835 2906 3915 2973 ut
3958 2898 4431 2974 benevolentia

1379 3028 1605 3094 vestra
1653 3016 2112 3108 et‘amicitia,
2160 3042 2338 3116 quas
2386 3040 2600 3115 quam
2646 3016 2927 3116 plurimi
2955 3015 3167 3106 facio,
3218 3029 3553 3117 perpetuo
3597 3018 3885 3118 dignum
3926 3042 4039 3094 me
4066 3032 4428 3118 praestem.

1475 3137 1636 3212 Hoc
1695 3145 2082 3212 extremum
2141 3149 2285 3227 est,
2357 3145 2440 3212 ut
2484 3136 2574 3210 ad
2638 3161 2757 3210 vos
2802 3161 2913 3209 me
2964 3146 3396 3224 convertam,
3448 3138 3909 3214 laudatissimi
3948 3139 4273 3227 iuvenes,
4320 3165 4430 3214 ca·

1379 3256 1635 3330 tissimi
1681 3255 1889 3330 huius
1925 3256 2268 3330 Athenaei
2304 3257 2609 3330 alumnil
2664 3256 2986 3352 Exiguus
3028 3267 3333 3332 vestrum
3382 3281 3751 3344 numerus,
3800 3258 3933 3332 etsi
3970 3259 4429 3348 multis-certe

1383 3374 1474 3450 de
1519 3375 1748 3450 causis
1803 3373 2240 3449 vehementer
2287 3375 2667 3462 dolendus,
2722 3373 2899 3448 hanc
2951 3382 3181 3447 tamen
3236 3374 3599 3450 utilitatem
3648 3375 3818 3451 mihi
3842 3376 4089 3451 habere
4120 3376 4430 3464 videtur,

1382 3494 1570 3594 quod
1631 3493 1717 3568 iis
1781 3494 2285 3569 coniunctionis
2345 3507 2417 3570 et
2465 3494 2956 3569 familiaritatis
3002 3493 3293 3569 vinculis
3340 3497 3727 3570 consociare
3776 3520 3905 3572 nos
3940 3505 4205 3595 potest,
4256 3520 4429 3595 qnae

1375 3641 1634 3716 magna
1700 3614 2088 3714 frequentia
2153 3617 2675 3692 interscinderet
2728 3627 2852 3691 aut
2900 3627 3085 3690 certe
3126 3617 3423 3692 dilueret
3468 3641 3549 3690 ac
3609 3616 3963 3690 detereret.
4084 3615 4243 3690 Hoc
4302 3615 4427 3713 igi-

1377 3743 1498 3809 tur
1541 3735 1871 3810 omnibus
1915 3735 2235 3835 precibus
2280 3760 2400 3810 vos
2451 3761 2571 3810 oro
2622 3743 2695 3810 et
2752 3735 3099 3825 obtestor,
3176 3747 3255 3809 ut
3302 3761 3439 3810 non
3486 3745 3629 3811 tam
3692 3735 4103 3833 magistrum
4158 3759 4271 3809 me
4314 3734 4427 3809 ha·

1381 3853 1641 3943 beatis,
1690 3878 1900 3953 quam
1941 3855 2279 3944 amicum,
2330 3855 2452 3954 qui
2496 3857 2637 3930 dux
2675 3855 2872 3931 vobis
2914 3878 3064 3929 esse
3108 3864 3397 3930 conatur
3427 3855 3580 3929 eius
3610 3855 3789 3941 viae,
3828 3878 4035 3952 quam
4083 3854 4429 3952 aliquanto

1381 3973 1692 4062 diutius,
1744 3998 1958 4071 quam
2009 3999 2129 4047 vos
2172 3975 2527 4073 inguessus
2588 3985 2717 4050 est.
2820 3973 2897 4047 Si
2943 3974 3225 4071 quando
3264 3999 3487 4048 errore
3530 3985 3817 4072 captus,
3866 3997 3909 4048 a
3946 3983 4133 4047 recta
4174 3974 4283 4047 via
4316 3997 4427 4046 vos

1380 4092 1756 4169 abduxisse
1821 4091 2014 4166 vobis
2066 4093 2252 4166 visus
2297 4117 2452 4182 ero,
2502 4095 2796 4168 candide
2846 4094 2975 4168 hoc
3020 4094 3430 4192 impertiatis
3492 4094 3717 4169 velim.
3822 4091 4145 4166 Urbanae
4192 4093 4425 4165 admo-

1378 4213 1666 4288 nitionis
1723 4235 1994 4310 semper
2057 4211 2430 4309 patientem
2478 4235 2592 4284 me
2632 4211 3000 4286 habebitis.
3102 4211 3431 4286 Vestrum
3472 4211 3586 4285 ius
3624 4219 3768 4299 est,
3818 4217 3899 4284 ιιι
3946 4208 4159 4283 libere
4200 4209 4429 4283 omnia

1388 4330 1782 4406 diiudicetis
1831 4341 1901 4405 et
1945 4331 2361 4418 aestimetis,
2413 4355 2559 4430 quo
2608 4356 2867 4431 quaeso
2907 4355 2993 4405 ex
3042 4356 3268 4430 aequo
3308 4331 3631 4430 bonoque
3682 4329 3993 4406 utamini.
4073 4329 4429 4427 Quicquid

1383 4463 1620 4526 autem
1695 4449 1950 4548 agatis,
2019 4449 2148 4525 hoc
2205 4475 2479 4549 semper
2542 4461 2703 4525 ante
2750 4451 2985 4526 omnia
3039 4475 3245 4525 curae
3294 4451 3489 4525 vobis
3537 4459 3609 4525 et
3650 4449 3840 4526 cordi
3884 4449 4009 4535 sit,
4070 4457 4153 4522 ut
4196 4447 4433 4522 floreat

1381 4579 1454 4646 et
1495 4580 1755 4645 crescat
1799 4568 2068 4648 illustre
2118 4571 2558 4645 Athenaeum
2580 4628 2601 4658 ,
2654 4571 2845 4668 quod
2882 4569 3297 4644 Darentriae
3340 4577 3469 4646 est.

2776 4807 3027 4870 D111.
