4942 6175
1366 633 1493 698 150
2491 628 2558 696 F.
2605 627 2678 696 Z.
2723 627 3282 696 nummulis

1467 840 1719 936 ltaque
1780 836 2132 936 pergimus
2194 834 2283 910 sd
2344 833 2649 910 medicos
2705 835 3010 912 Graecos
3051 833 3438 932 antiquos..
3467 833 3589 932 qui
3631 857 3706 908 re
3741 833 3914 934 ipsa.
3947 840 4200 914 artem.
4215 859 4408 916 exer-
4423 877 4432 900 ·.

1378 967 1711 1047 cuerunt,
1784 981 2077 1056 quorum
2156 954 2275 1028 ino
2338 961 2644 1052 tempore
2697 954 2998 1028 maxime
3061 953 3442 1030 celebratae
3501 952 3786 1034 {uerunt
3853 954 4155 1035 achone
4187 954 4432 1058 ἀώρ»

1373 1079 1625 1154 Cnidia
1668 1085 1739 1152 et
1792 1077 1959 1153 Coa.
2060 1075 2233 1150 Utra
2280 1073 2630 1172 antiquior
2667 1073 2912 1162 fuerit,
2959 1075 3283 1173 ignotum
3324 1081 3481 1163 est,
3529 1073 3658 1150 sed
3697 1073 3862 1152 lieet:
3905 1074 4406 1210 Hippon-ms,

1374 1199 1495 1300 qui
1538 1198 1811 1298 insigne
1853 1197 2065 1272 decus
2116 1195 2688 1294 Asclepiadarum
2733 1196 3046 1272 Coorum.
3078 1195 3258 1283 fuit,
3307 1192 3849 1284 vetustissimos.
3897 1195 4024 1293 qui
4070 1196 4146 1270 in
4187 1195 4408 1274 medi-

1370 1343 1605 1394 corum
1650 1318 1929 1392 illorum
1979 1317 2239 1417 sylloge
2296 1315 2678 1404 habentur,
2725 1315 2939 1390 libros
2983 1315 3186 1392 nobis
3225 1314 3618 1414 reliquerit,
3653 1315 3822 1413 ipse
3859 1323 4094 1393 temen
4147 1339 4404 1393 memo-

1367 1449 1471 1514 rat
1538 1438 1915 1514 sententias
1979 1436 2303 1524 Cnidias,
2380 1461 2562 1534 quae
2625 1435 2918 1535 scriptae
2983 1435 3130 1512 sint
3195 1436 3600 1537 priusquam
3655 1435 3776 1514 ille
3839 1459 4018 1534 opus
4061 1459 4280 1512 suum
4321 1436 4426 1514 de·

1371 1559 1593 1634 victus
1654 1559 1917 1632 ratione
1980 1557 2053 1631 in
2120 1554 2379 1630 morbis
2446 1555 2684 1632 acutie
2713 1563 3174 1656 componeret.
3275 1556 3467 1636 Quin
3515 1554 4226 1644 exaestuemus
4251 1581 4406 1632 sen·

1368 1679 1745 1754 tentiarum
1814 1678 2085 1752 illarum
2147 1675 2566 1750 mentionem
2628 1674 2832 1764 facit,
2899 1675 3088 1754 adse
3115 1685 3198 1755 ut
3249 1677 3498 1754 saltem
3539 1685 3750 1754 certa
3777 1676 4072 1776 uestigia
4117 1701 4400 1777 appare-

1372 1809 1495 1876 ant
1561 1797 1787 1898 operis
1840 1823 1885 1872 e
1922 1796 2165 1872 ecbola.
2214 1795 2465 1870 Cnidia
2515 1794 2792 1870 oriundi
2841 1802 3150 1894 tempore
3171 1853 3194 1883 ,
3245 1795 3350 1872 uti
3403 1795 3711 1883 videtur,
3761 1795 4144 1895 antiquiore
4189 1821 4426 1896 qnam,

1367 1918 1869 2018 Hipprocratis.
1970 1917 2216 1992 Galeni
2260 1939 2427 1990 aevo
2472 1915 2854 1992 sententiae
2897 1915 3054 1992 illae
3093 1914 3384 1993 cnidiae
3421 1915 3736 1994 nondum
3779 1916 4143 2014 posinunt.
4241 1917 4407 1992 Per·

1368 2062 1709 2137 gamenus
1768 2062 1989 2137 pauca
2060 2046 2130 2110 et
2172 2059 2381 2135 parva
2428 2059 2663 2110 earum
2711 2035 3102 2134 fragmenta
3137 2036 3209 2110 in
3257 2036 3406 2112 suis
3441 2035 3790 2135 open-ibam
3821 2035 4028 2110 nobis
4073 2036 4404 2126 servavit,

1371 2159 1457 2232 de
1530 2159 1789 2257 quibus
1858 2156 2119 2256 aliquid
2193 2155 2419 2232 dicam
2445 2212 2465 2242 ,
2545 2164 2626 2232 ut
2701 2155 3062 2232 ostendam
3135 2180 3348 2254 quam
3413 2155 3620 2232 certis
3681 2155 3954 2232 indiciis
4009 2155 4090 2230 in
4147 2155 4425 2256 sylloge

1364 2278 1865 2377 Hippocratica
1906 2277 2313 2352 Cnidiorum
2360 2275 2571 2352 libros
2619 2299 2990 2374 agnoscere
3031 2277 3256 2352 detur.
3357 2276 3598 2352 Unum
3644 2301 3683 2349 e
3728 2274 4138 2373 fragmentis
4179 2301 4222 2350 a
4261 2277 4402 2352 Gar·

1368 2400 1523 2474 leno
1584 2399 1865 2472 servatis
1923 2398 2177 2497 legitur
2234 2397 2307 2471 in
2380 2395 2554 2470 libro
2613 2395 3024 2495 Hippocrati
3085 2396 3472 2532 adscripto,
3525 2395 3712 2473 unde
3755 2395 4054 2494 suspicio
4101 2395 4402 2472 nascitur

1372 2519 1627 2594 librum
1690 2518 2033 2592 eiusmodi
2088 2541 2229 2592 non
2294 2517 2520 2605 Coae,
2587 2517 2712 2592 sed
2767 2517 3060 2592 Gnidiae
3130 2541 3286 2592 esse
3347 2516 3658 2617 originis.
3757 2517 3942 2592 Sunt
3995 2523 4232 2592 autem
4267 2516 4402 2592 alia

1364 2638 1865 2773 computanda,
1919 2662 2095 2736 quae
2158 2635 2618 2735 suspicionem
2663 2636 2850 2710 illam
2894 2637 2996 2712 ita
3033 2637 3482 2724 confirmant,
3532 2643 3613 2710 ut
3657 2635 3750 2712 ad
3798 2642 4027 2712 certae
4069 2634 4400 2736 cognitio·

1366 2757 1475 2834 nis
1525 2757 1817 2891 gradum
1867 2756 2215 2830 evehatur.
2314 2755 2479 2851 Ipse
2517 2754 2702 2830 enim
2737 2754 3205 2853 Hippocrates
3239 2755 3388 2832 loco
3429 2756 3660 2856 aliquo
3699 2755 4103 2834 adversatur
4135 2755 4402 2833 cnidiis

1367 2885 1441 2952 et
1500 2876 1669 2976 ipsis
1736 2899 1977 2950 eorum
2040 2872 2267 2950 verbis
2320 2874 2492 2950 citat
2539 2873 2946 2962 formulam,
2997 2897 3178 2972 quae
3227 2873 3300 2951 in
3353 2873 3716 2954 sententiis
3755 2875 4045 2955 Cnidiis
4071 2881 4394 2952 occurrat.

1372 2997 1685 3074 Eandem
1732 3005 1967 3072 autem
2013 2994 2199 3070 illam
2252 2994 2616 3070 formulam
2663 2994 3244 3130 deprehendimus
3286 3002 3436 3072 tum
3483 2994 3554 3070 in
3603 2995 3755 3072 aliis
3795 2994 4068 3096 scriptis
4107 2995 4401 3096 syllogus

1362 3116 1929 3218 Hippocraticae,
2005 3124 2157 3191 tum
2234 3116 2305 3191 in
2368 3114 2544 3189 libro
2605 3115 2762 3203 illo,
2834 3115 2904 3191 in
2967 3138 3110 3214 quo
3174 3115 3644 3215 fragmentum
3709 3116 3884 3195 illud
3949 3142 3992 3193 e
4045 3116 4415 3193 sententiis-

1365 3238 1637 3314 Cnidiis
1669 3237 1809 3337 legi
1848 3236 2171 3311 diximus.
2273 3235 2467 3314 Quin
2499 3236 2840 3313 aeoedunt
2879 3236 3078 3335 plura
3111 3236 3366 3313 indicia
3405 3238 3562 3315 alia.
3659 3238 3802 3327 Eo,
3854 3260 4066 3337 quem
4107 3236 4418 3315 indimi·

1362 3360 1551 3447 loco,
1616 3358 2075 3459 Hippocrates
2124 3356 2289 3431 vitio
2332 3355 2534 3431 vertit
2581 3354 2888 3443 cnidiis,
2937 3380 3096 3445 eos,
3150 3364 3231 3433 ut
3281 3357 3476 3435 brevi
3519 3358 3790 3447 dicam,
3836 3358 4023 3435 insto
4075 3358 4426 3435 subtilius:

1366 3478 1645 3555 morbos
1693 3477 2119 3577 distinguere
2168 3476 2504 3565 voluisse,
2551 3477 2652 3551 ita
2699 3484 2778 3551 ιιι
2821 3476 2892 3553 in
2943 3500 3186 3576 graves
3231 3502 3494 3554 errores
3545 3478 3966 3567 inciderent,
4015 3478 4112 3555 de
4149 3504 4288 3576 qua
4323 3502 4398 3553 re
4463 3488 4474 3499 '

1362 3600 1531 3674 item
1598 3598 1906 3673 Galenus
1970 3596 2297 3697 loquitur.
2394 3598 2495 3671 At
2561 3596 2750 3695 quod
2811 3596 2948 3673 iam
3016 3597 3294 3673 maioris
3339 3599 3676 3675 momenti
3723 3606 3871 3687 est,
3919 3598 4001 3675 in
4053 3598 4224 3698 ipsis
4263 3598 4398 3673 inis

1362 3718 1555 3795 libris
1579 3778 1597 3809 ‚
1666 3720 1737 3794 in
1782 3717 2041 3817 quibus
2091 3716 2389 3793 formula
2434 3716 2552 3791 illa
2599 3742 2642 3791 a
2695 3740 2950 3816 magno
2989 3717 3262 3795 medico
3303 3720 3452 3795 Coo
3497 3726 3735 3795 notata
3777 3718 4112 3807 occurrits,
4165 3716 4398 3795 multi·

1366 3841 1613 3941 plicem
1696 3840 1881 3913 illam
1956 3837 2357 3913 divisionem
2438 3836 2834 3913 morborum
2855 3896 2876 3927 ,
2941 3860 3156 3935 quam
3222 3838 3337 3915 ille
3400 3837 3802 3937 perstrinxit
3821 3895 3842 3927 ‚
3915 3836 4394 3938 conspicimus.

1363 3958 1625 4032 Verum
1683 3964 2033 4058 praeterea
2086 3956 2367 4033 aliunde
2428 3957 2640 4033 etiam
2708 3958 3135 4057 quaestioni,
3205 3959 3329 4057 qui
3381 3958 3542 4035 libri
3581 3958 3988 4037 Cnidiorum
4043 3958 4186 4035 sint
4205 4016 4229 4047 ,
4275 3959 4394 4035 lux

1360 4076 1671 4177 affulget.
1790 4076 2133 4151 Novimus
2196 4076 2724 4174 Euryphontem
2779 4078 3050 4155 scholae
3094 4078 3384 4155 Gnidiae
3430 4079 3644 4156 fuisse
3676 4079 4104 4167 antistitum,
4153 4102 4390 4178 quam·

1222 4190 1229 4199 ’
1358 4198 1735 4276 admodum
1784 4198 1967 4273 Coae
2015 4197 2534 4295 Hippocratem.
2633 4198 2788 4271 Iam
2839 4220 2996 4271 vero
3049 4196 3394 4286 Soranus,
3457 4199 3546 4275 de
3597 4200 3844 4277 soeiore
3867 4198 4394 4275 ecbohmetho-

1364 4322 1517 4398 dica
1562 4319 1913 4407 medicus,
1962 4317 2083 4416 qui
2130 4317 2219 4391 de
2284 4314 2437 4391 aliia
2489 4315 2700 4391 rebus
2751 4324 2824 4391 et
2869 4316 2956 4391 de
3004 4316 3264 4393 morbis
3297 4318 3666 4397 mulierum
3703 4328 4084 4419 partusque
4116 4318 4394 4417 negotio

1366 4442 1675 4541 scripsit,
1744 4438 1963 4538 carpit
2026 4436 2548 4537 Euryphontem
2591 4445 2872 4536 propter
2913 4436 3202 4513 modum
3222 4496 3242 4526 ,
3289 4462 3433 4537 quo
3489 4440 3688 4515 uteri·
3727 4439 3976 4515 vitium
4037 4436 4390 4537 quoddam

1360 4560 1721 4637 restituere
1780 4560 2041 4634 dooeat.
2156 4557 2478 4633 Eundem
2542 4564 2774 4633 autem
2831 4557 3056 4633 locum
3115 4557 3412 4659 legimus
3455 4560 3528 4635 in
3579 4558 3757 4637 libro
3799 4560 3890 4637 de
3929 4556 4196 4637 morbis
4235 4580 4392 4633 mu-

1362 4681 1607 4756 lierum
1678 4678 1843 4753 olim
1917 4678 2325 4778 Hippocrati
2390 4677 2736 4776 adscripto
2801 4688 2874 4753 et
2935 4677 3010 4755 in
3073 4704 3218 4777 quo
3267 4680 3432 4757 item
3497 4681 3756 4780 passim
3815 4679 4118 4757 formul·
4175 4678 4292 4755 im
4337 4701 4394 4767 a,

1354 4822 1612 4899 magno
1678 4798 1823 4873 Coo
1892 4806 2127 4871 notata
2195 4796 2509 4873 occurrit.
2577 4838 2674 4853 —
2740 4797 2880 4872 Sed
2927 4799 3269 4875 sufficiant
3307 4800 3474 4879 baec
3513 4800 3602 4877 de
3643 4798 3974 4877 librorum
4027 4800 4394 4898 uteunque
