4942 6175
1752 686 2306 757 ORATIO.
3431 693 3553 759 101

608 1013 844 1090 Nolite
861 1072 883 1105 ,
951 1016 1328 1092 Auditores
1346 1075 1367 1108 ,
1439 1017 1570 1093 hoc
1643 1018 1732 1093 de
1805 1016 2180 1094 Codicibus
2245 1019 2498 1093 nostris
2560 1017 2898 1093 iudicium
2970 1018 3177 1093 nimis
3236 1041 3547 1093 severum

509 1132 848 1211 arbitrari.
949 1134 1212 1213 Veruin
1283 1137 1462 1213 illud
1535 1162 1688 1213 esse
1755 1138 1956 1213 docet
2005 1139 2318 1237 quotidie
2365 1138 2785 1237 experientia
2804 1198 2827 1228 ‚
2877 1162 3003 1213 nec
3059 1137 3227 1213 mihi
3277 1136 3550 1211 difficile

509 1260 620 1331 ost
682 1256 886 1331 certis
956 1256 1050 1331 ad
1119 1257 1706 1355 comprobandum
1785 1259 2213 1356 argumentis
2283 1259 2407 1333 uti.
2508 1257 2692 1331 Nam
2763 1258 3064 1357 primum
3128 1257 3199 1331 in
3256 1256 3548 1355 singulis

511 1374 850 1451 Codicum
917 1376 1140 1451 titulis
1197 1376 1458 1451 multae
1525 1386 1690 1452 sunt
1739 1362 2176 1452 definitiones
2194 1435 2214 1466 ,
2267 1401 2448 1475 quae
2495 1402 2633 1453 non
2681 1379 3223 1477 indignationem
3272 1388 3547 1455 tantum

513 1518 752 1569 verum
815 1494 1022 1568 etiam
1064 1494 1286 1569 risum
1333 1495 1824 1594 interpretibus
1874 1520 2146 1571 movere
2201 1498 2442 1571 solent.
2544 1498 2871 1596 Reperias
2916 1508 3279 1597 praecepta
3299 1555 3320 1586 ,
3372 1522 3551 1595 quae

511 1612 858 1712 legislator
927 1613 1178 1689 sumsit
1249 1638 1336 1689 ex
1414 1615 1688 1714 legibus
1755 1617 2102 1691 Francicis
2125 1674 2146 1705 ,
2227 1616 2513 1692 verbum
2582 1616 2669 1692 de
2731 1617 2936 1691 verbo
2990 1616 3122 1691 sibi
3172 1617 3553 1716 exprimere

511 1732 700 1821 visus
721 1789 743 1821 ‚
811 1738 886 1807 at
946 1732 1366 1810 documenta
1434 1736 1765 1826 daturus,
1831 1748 2092 1836 quanta
2143 1738 2504 1837 praeditus
2557 1747 2738 1812 esset
2786 1737 3062 1837 linguae
3110 1736 3299 1810 illius
3349 1737 3547 1836 igno-

509 1852 730 1929 tantia
753 1910 774 1941 ,
841 1877 928 1928 ex
999 1878 1138 1953 qua
1189 1855 1376 1957 leges
1425 1856 1496 1931 in
1551 1866 1852 1934 nostram
1911 1858 2222 1958 linguam
2278 1857 2751 1934 transferebat.
2854 1857 3013 1932 Alia
3062 1882 3146 1932 ex
3204 1856 3547 1932 Francicis

511 1971 832 2047 desumto
899 1974 1234 2074 exemplis
1296 1976 1484 2075 apud
1535 1999 1662 2051 nos
1715 1987 1786 2052 et
1832 1978 2097 2054 ratione
2147 1987 2218 2053 et
2283 2002 2413 2077 usu
2465 1986 2739 2066 carent,
2798 1978 2963 2076 quia
3012 1976 3409 2051 derivantur
3460 2001 3545 2050 ex

508 2090 779 2191 placitis
844 2093 1054 2182 iuris,
1125 2119 1304 2193 quae
1365 2095 1440 2170 in
1505 2097 1794 2172 Francia
1867 2097 2094 2172 valent
2153 2106 2224 2171 et
2288 2099 2476 2196 apud
2526 2122 2651 2172 nos
2694 2100 3119 2197 ignorantur.
3220 2096 3543 2172 Vultisne

511 2211 906 2312 exemplum
965 2214 1176 2289 huius
1220 2215 1526 2293 incuriae
1580 2216 1804 2293 dicam
1857 2242 1946 2293 an
1997 2217 2332 2293 stultitiae
2353 2220 2388 2291 Ρ
2486 2218 2817 2316 Inspicite
2869 2218 3235 2293 articulum
3280 2216 3550 2292 Codicis

511 2331 752 2407 Civilis
785 2336 888 2425 ¹),
951 2360 1093 2434 quo
1149 2360 1368 2433 quum
1419 2346 1666 2436 agatur
1715 2338 1802 2411 de
1851 2338 2416 2437 obligationibus
2466 2338 2812 2426 dividuis,
2866 2338 3321 2437 distinguitur
3365 2338 3547 2411 inter

511 2451 836 2541 heredes,
881 2452 972 2527 ad
1017 2478 1194 2551 quos
1237 2454 1546 2530 defuncti
1587 2458 1946 2556 possessio,
1970 2457 2171 2557 quasi
2213 2458 2452 2532 iuncta
2502 2456 2897 2545 descendit,
2941 2466 3012 2531 et
3056 2457 3240 2546 illos,
3290 2456 3549 2553 quibus

511 2572 1012 2671 possessionem
1087 2583 1321 2672 petere
1387 2598 1662 2651 necesse
1717 2586 1843 2653 est.
1947 2578 2246 2676 Optime·
2281 2578 2412 2652 hoc
2463 2576 2830 2652 discrimen
2886 2576 3166 2675 ponitur
3213 2577 3283 2651 in
3334 2577 3547 2651 Fran-

511 2690 658 2767 cico
721 2691 976 2767 Codice
996 2750 1020 2781 ,
1081 2692 1450 2769 ridiculum
1510 2718 1666 2771 vero
1735 2704 1840 2769 est
1905 2697 2056 2770 iure
2107 2704 2342 2770 nostro
2364 2754 2384 2785 ,
2439 2720 2581 2793 quo
2627 2696 2814 2771 nulla
2864 2696 3019 2771 talis
3068 2695 3400 2771 heredum
3448 2695 3551 2769 di-

515 2810 794 2885 stinctio
843 2819 972 2887 est.
2276 2826 2283 2835 ’

613 2931 796 3005 Sunt
859 2932 1070 3007 huius
1136 2933 1406 3032 generis
1475 2934 1739 3009 incuria
1813 2934 2046 3009 referti
2117 2934 2408 3010 Codices
2482 2935 2720 3009 nostri.
2823 2934 2961 3009 Sed
3032 2934 3196 3009 haec
3265 2933 3548 3030 quidem

512 3074 722 3152 parva
790 3076 941 3128 esse
1006 3052 1484 3130 existimemus
1557 3062 1630 3130 et
1689 3055 1900 3132 missa
1969 3054 2324 3132 faciamus.
2427 3054 2731 3131 Maiores
2800 3078 2949 3130 esse
3007 3052 3553 3154 reprehendendi

511 3195 754 3247 causas
821 3171 1196 3248 dolendum
1251 3174 1374 3249 sed
1435 3199 1574 3251 non
1637 3176 1980 3252 silendum
2037 3186 2168 3254 est.
2271 3177 2454 3252 Sunt
2502 3177 2575 3251 in
2630 3177 2900 3276 legibus
2948 3176 3197 3252 nostris
3252 3185 3396 3251 tota
3439 3200 3550 3250 ca-

511 3290 660 3390 pita
680 3348 701 3380 ,
769 3293 1082 3367 omnium
1137 3293 1514 3394 peritorum
1571 3319 1910 3373 consensu
1965 3306 2109 3372 tam
2168 3322 2376 3397 prave
2425 3297 2802 3372 constituta
2858 3307 2937 3371 ut
2980 3296 3179 3397 peius
3226 3296 3554 3370 constitui

511 3435 652 3487 non
727 3414 1096 3510 potuerint.
1199 3414 1392 3495 Quid
1427 3417 1646 3491 euim
1725 3417 1846 3496 de,
1885 3442 1967 3492 eo
2036 3418 2312 3492 Codicis
2361 3417 2603 3493 Civilis
2651 3417 2856 3493 titulo
2900 3416 3351 3490 iudicandum
3402 3424 3552 3503 est,

513 3532 584 3607 in
651 3556 793 3631 quo
861 3533 1172 3609 doctrina
1233 3536 1320 3611 de
1395 3537 1832 3612 Possessione
1903 3538 2323 3636 exponitur?
2423 3538 2571 3617 Qui
2618 3547 2805 3612 totus
2862 3536 3057 3611 rudis
3102 3536 3319 3610 instar
3368 3535 3547 3608 indi-

513 3662 890 3752 gestaeque
933 3655 1134 3728 molis
1175 3654 1322 3744 est,
1369 3655 1952 3756 ineptissimorum
2003 3667 2523 3757 praeceptorum
2568 3657 2861 3756 farrago.
2959 3655 3181 3753 Atqui
3224 3655 3287 3728 is
3330 3653 3549 3728 titulis

515 3771 818 3869 scriptus
884 3784 990 3848 est
1035 3773 1404 3874 postquam
1457 3776 1824 3876 Savignius
1874 3802 2080 3877 opere
2135 3778 2509 3854 immortali
2556 3801 2709 3852 eam
2758 3777 2930 3851 iuris
2988 3774 3341 3860 materiam
3392 3774 3547 3850 illu-

513 3891 794 3979 stravit,
843 3901 916 3966 et
968 3895 1448 3994 promulgatus
1501 3896 1759 3972 scilicet
1805 3908 2170 3997 postquam
2225 3897 2619 3972 Florentius
2664 3897 3019 3970 Adrianus
3060 3895 3339 3970 Hallius
3378 3895 3551 3968 nihil

513 4010 588 4084 in
657 4034 740 4084 eo
809 4011 936 4086 vel‘
985 4011 1163 4087 bene
1231 4015 1686 4090 constitutum
1763 4017 1870 4091 vel
1937 4017 2114 4092 bene
2184 4017 2607 4114 descriptum
2670 4041 2829 4090 -esse
2897 4015 3233 4091 ostendit!
3337 4015 3549 4094 Quod

519 4129 832 4205 universo
896 4129 986 4204 de
1035 4131 1476 4209 Possessione
1523 4135 1850 4212 iudicavit
1897 4138 2239 4236 Leyserus
2257 4195 2278 4226 ‚
2338 4135 2949 4235 impeditissimum
2998 4143 3071 4210 et
3120 4135 3576 4235 spississimis⁸

517 4249 920 4326 obvolutum
987 4252 1293 4328 tenebris
1371 4279 1520 4329 esse
1585 4255 1758 4330 iuris
1827 4265 2316 4355 argumentum
2342 4314 2363 4346 ,
2438 4256 2515 4329 id
2554 4256 2831 4348 rectius
2902 4257 2989 4330 de
3054 4266 3287 4330 nostro
3349 4257 3551 4331 titulo

519 4369 836 4444 affirmes.
935 4369 1168 4446 Scatet
1233 4373 1462 4462 enim,
1515 4373 1574 4448 si
1617 4374 1778 4474 quis
1828 4376 2046 4464 alius,
2093 4376 2367 4476 legibus
2409 4375 2590 4452 inter
2638 4399 2715 4450 se
2755 4376 3348 4474 repugnantibus,
3396 4399 3549 4474 par-

519 4488 678 4563 tim.
704 4512 794 4564 ex
837 4489 1191 4586 Romano,
1245 4493 1496 4592 partim
1545 4518 1630 4568 ex
1681 4503 1906 4571 vetere
1951 4497 2278 4572 Francico
2321 4496 2470 4572 iure
2516 4495 2666 4570 sine
2715 4495 2853 4570 ulla
2897 4495 3157 4571 ratione
3201 4496 3550 4587 conflatis,

520 4631 819 4708 quarum
863 4636 944 4686 ex
994 4615 1454 4712 repugnantia
1499 4601 1770 4692 ‘efficere
1816 4616 2246 4692 concordiam
2301 4617 2557 4692 frustra
2602 4615 2917 4691 laborant
2956 4616 3369 4715 interpretes
3387 4675 3405 4706 ,
3454 4618 3551 4692 ita

626 4866 670 4938 ¹)
701 4867 824 4928 Art.
857 4869 1016 4928 1335.
