<?xml version="1.0" encoding="UTF-8"?>
<!DOCTYPE html PUBLIC "-//W3C//DTD XHTML 1.0 Transitional//EN"
    "http://www.w3.org/TR/xhtml1/DTD/xhtml1-transitional.dtd">
<html xmlns="http://www.w3.org/1999/xhtml" xml:lang="en" lang="en">
 <head>
  <title>
</title>
<meta http-equiv="Content-Type" content="text/html;charset=utf-8" />
  <meta name='ocr-system' content='tesseract 3.04.00' />
  <meta name='ocr-capabilities' content='ocr_page ocr_carea ocr_par ocr_line ocrx_word'/>
</head>
<body>
  <div class='ocr_page' id='page_1' title='image "annalesacademic19unkngoog_0163.png"; bbox 0 0 4942 6175; ppageno 0'>
   <div class='ocr_carea' id='block_1_1' title="bbox 59 0 2953 86">
    <p class='ocr_par' dir='ltr' id='par_1_1' title="bbox 59 0 2953 86">
     <span class='ocr_line' id='line_1_1' title="bbox 59 0 2953 86; baseline 0 6089"><span class='ocrx_word' id='word_1_1' title='bbox 59 0 2953 86; x_wconf 95' lang='lat' dir='ltr'> </span> 
     </span>
    </p>
   </div>
   <div class='ocr_carea' id='block_1_2' title="bbox 1758 739 3565 812">
    <p class='ocr_par' dir='ltr' id='par_1_2' title="bbox 1758 739 3565 812">
     <span class='ocr_line' id='line_1_2' title="bbox 1758 739 3565 812; baseline -0.002 -2"><span class='ocrx_word' id='word_1_2' title='bbox 1758 742 2317 812; x_wconf 77' lang='lat' dir='ltr'>ORATIO.</span> <span class='ocrx_word' id='word_1_3' title='bbox 3439 739 3565 806; x_wconf 81' lang='lat'>149</span> 
     </span>
    </p>
   </div>
   <div class='ocr_carea' id='block_1_3' title="bbox 476 946 3576 5001">
    <p class='ocr_par' dir='ltr' id='par_1_3' title="bbox 522 946 3563 1174">
     <span class='ocr_line' id='line_1_3' title="bbox 524 946 3563 1039; baseline -0.002 -11"><span class='ocrx_word' id='word_1_4' title='bbox 524 953 831 1032; x_wconf 78' lang='lat' dir='ltr'>fructum</span> <span class='ocrx_word' id='word_1_5' title='bbox 884 954 1227 1032; x_wconf 72' lang='lat' dir='ltr'>adferens.</span> <span class='ocrx_word' id='word_1_6' title='bbox 1324 952 1465 1029; x_wconf 89' lang='lat' dir='ltr'>His</span> <span class='ocrx_word' id='word_1_7' title='bbox 1522 977 1689 1030; x_wconf 88' lang='lat' dir='ltr'>sane</span> <span class='ocrx_word' id='word_1_8' title='bbox 1750 952 2152 1028; x_wconf 88' lang='lat' dir='ltr'>hominibus</span> <span class='ocrx_word' id='word_1_9' title='bbox 2210 952 2359 1026; x_wconf 86' lang='lat' dir='ltr'>iure</span> <span class='ocrx_word' id='word_1_10' title='bbox 2418 949 2750 1026; x_wconf 88' lang='lat' dir='ltr'>obieceris</span> <span class='ocrx_word' id='word_1_11' title='bbox 2775 1009 2794 1039; x_wconf 92' lang='lat'>,</span> <span class='ocrx_word' id='word_1_12' title='bbox 2845 946 3122 1026; x_wconf 84' lang='lat' dir='ltr'>morbos</span> <span class='ocrx_word' id='word_1_13' title='bbox 3165 973 3302 1024; x_wconf 89' lang='lat' dir='ltr'>non</span> <span class='ocrx_word' id='word_1_14' title='bbox 3349 948 3563 1027; x_wconf 73' lang='grc' dir='ltr'><em>ἀντι-</em></span> 
     </span>
     <span class='ocr_line' id='line_1_4' title="bbox 522 1071 1669 1174; baseline -0.002 -24"><span class='ocrx_word' id='word_1_15' title='bbox 522 1071 833 1174; x_wconf 71' lang='grc' dir='ltr'>λογίαις</span> <span class='ocrx_word' id='word_1_16' title='bbox 882 1075 1006 1150; x_wconf 89' lang='lat' dir='ltr'>sed</span> <span class='ocrx_word' id='word_1_17' title='bbox 1052 1073 1379 1149; x_wconf 74' lang='lat' dir='ltr'>remediis</span> <span class='ocrx_word' id='word_1_18' title='bbox 1422 1072 1669 1149; x_wconf 87' lang='lat' dir='ltr'>curari.</span> 
     </span>
    </p>

    <p class='ocr_par' dir='ltr' id='par_1_4' title="bbox 476 1188 3576 5001">
     <span class='ocr_line' id='line_1_5' title="bbox 620 1188 3558 1290; baseline -0.001 -20"><span class='ocrx_word' id='word_1_19' title='bbox 620 1195 723 1270; x_wconf 83' lang='lat' dir='ltr'>At</span> <span class='ocrx_word' id='word_1_20' title='bbox 772 1193 1187 1270; x_wconf 82' lang='lat' dir='ltr'>meministis</span> <span class='ocrx_word' id='word_1_21' title='bbox 1232 1217 1347 1269; x_wconf 89' lang='lat' dir='ltr'>me</span> <span class='ocrx_word' id='word_1_22' title='bbox 1394 1191 1621 1268; x_wconf 88' lang='lat' dir='ltr'>dicere</span> <span class='ocrx_word' id='word_1_23' title='bbox 1673 1191 1883 1267; x_wconf 89' lang='lat' dir='ltr'>etiam</span> <span class='ocrx_word' id='word_1_24' title='bbox 1935 1190 2279 1290; x_wconf 78' lang='lat' dir='ltr'>longiores</span> <span class='ocrx_word' id='word_1_25' title='bbox 2330 1213 2680 1265; x_wconf 83' lang='lat' dir='ltr'>sermones</span> <span class='ocrx_word' id='word_1_26' title='bbox 2733 1188 3056 1264; x_wconf 83' lang='lat' dir='ltr'>habuisse</span> <span class='ocrx_word' id='word_1_27' title='bbox 3105 1196 3174 1263; x_wconf 89' lang='lat' dir='ltr'>et</span> <span class='ocrx_word' id='word_1_28' title='bbox 3225 1197 3558 1266; x_wconf 85' lang='lat' dir='ltr'>tractatus</span> 
     </span>
     <span class='ocr_line' id='line_1_6' title="bbox 525 1309 3564 1413; baseline 0 -25"><span class='ocrx_word' id='word_1_29' title='bbox 525 1314 893 1412; x_wconf 77' lang='lat' dir='ltr'>ampliores</span> <span class='ocrx_word' id='word_1_30' title='bbox 956 1313 1425 1413; x_wconf 75' lang='lat' dir='ltr'>composuisse</span> <span class='ocrx_word' id='word_1_31' title='bbox 1484 1309 1839 1411; x_wconf 81' lang='lat' dir='ltr'>sophistas</span> <span class='ocrx_word' id='word_1_32' title='bbox 1909 1309 2085 1386; x_wconf 91' lang='lat' dir='ltr'>illos.</span> <span class='ocrx_word' id='word_1_33' title='bbox 2186 1309 2461 1384; x_wconf 90' lang='lat' dir='ltr'>Horum</span> <span class='ocrx_word' id='word_1_34' title='bbox 2531 1309 2812 1407; x_wconf 86' lang='lat' dir='ltr'>quidem</span> <span class='ocrx_word' id='word_1_35' title='bbox 2883 1309 3196 1409; x_wconf 78' lang='lat' dir='ltr'>exempla</span> <span class='ocrx_word' id='word_1_36' title='bbox 3264 1310 3564 1410; x_wconf 88' lang='lat' dir='ltr'>plurima</span> 
     </span>
     <span class='ocr_line' id='line_1_7' title="bbox 526 1427 3565 1529; baseline -0.001 -20"><span class='ocrx_word' id='word_1_37' title='bbox 526 1440 899 1509; x_wconf 86' lang='lat' dir='ltr'>occurrunt</span> <span class='ocrx_word' id='word_1_38' title='bbox 934 1433 1009 1506; x_wconf 91' lang='lat' dir='ltr'>in</span> <span class='ocrx_word' id='word_1_39' title='bbox 1032 1432 1225 1508; x_wconf 89' lang='lat' dir='ltr'>libris</span> <span class='ocrx_word' id='word_1_40' title='bbox 1247 1431 1471 1507; x_wconf 91' lang='lat' dir='ltr'>editis.</span> <span class='ocrx_word' id='word_1_41' title='bbox 1536 1432 1833 1529; x_wconf 89' lang='lat' dir='ltr'>Ineptus</span> <span class='ocrx_word' id='word_1_42' title='bbox 1852 1429 2021 1520; x_wconf 91' lang='lat' dir='ltr'>sim,</span> <span class='ocrx_word' id='word_1_43' title='bbox 2048 1429 2110 1504; x_wconf 90' lang='lat' dir='ltr'>si</span> <span class='ocrx_word' id='word_1_44' title='bbox 2128 1427 2471 1504; x_wconf 89' lang='lat' dir='ltr'>eiusmodi</span> <span class='ocrx_word' id='word_1_45' title='bbox 2497 1429 2984 1527; x_wconf 82' lang='lat' dir='ltr'>opusculorum</span> <span class='ocrx_word' id='word_1_46' title='bbox 3009 1436 3082 1504; x_wconf 89' lang='lat' dir='ltr'>et</span> <span class='ocrx_word' id='word_1_47' title='bbox 3108 1453 3392 1529; x_wconf 89' lang='lat' dir='ltr'>operum</span> <span class='ocrx_word' id='word_1_48' title='bbox 3422 1455 3565 1506; x_wconf 91' lang='lat' dir='ltr'>ma·</span> 
     </span>
     <span class='ocr_line' id='line_1_8' title="bbox 524 1548 3565 1652; baseline -0.001 -24"><span class='ocrx_word' id='word_1_49' title='bbox 524 1551 749 1628; x_wconf 84' lang='lat' dir='ltr'>iorum</span> <span class='ocrx_word' id='word_1_50' title='bbox 820 1552 1097 1627; x_wconf 80' lang='lat' dir='ltr'>brevem</span> <span class='ocrx_word' id='word_1_51' title='bbox 1145 1557 1589 1652; x_wconf 88' lang='lat' dir='ltr'>conspectum</span> <span class='ocrx_word' id='word_1_52' title='bbox 1645 1574 1833 1626; x_wconf 91' lang='lat' dir='ltr'>nunc</span> <span class='ocrx_word' id='word_1_53' title='bbox 1880 1549 2077 1624; x_wconf 81' lang='lat' dir='ltr'>vobis</span> <span class='ocrx_word' id='word_1_54' title='bbox 2125 1548 2431 1624; x_wconf 85' lang='lat' dir='ltr'>offeram.</span> <span class='ocrx_word' id='word_1_55' title='bbox 2531 1549 2968 1648; x_wconf 79' lang='lat' dir='ltr'>Argumenta</span> <span class='ocrx_word' id='word_1_56' title='bbox 3011 1550 3274 1648; x_wconf 82' lang='lat' dir='ltr'>aliquot</span> <span class='ocrx_word' id='word_1_57' title='bbox 3319 1551 3565 1626; x_wconf 89' lang='lat' dir='ltr'>talium</span> 
     </span>
     <span class='ocr_line' id='line_1_9' title="bbox 526 1667 3565 1772; baseline 0 -26"><span class='ocrx_word' id='word_1_58' title='bbox 526 1671 670 1746; x_wconf 83' lang='lat' dir='ltr'>sive</span> <span class='ocrx_word' id='word_1_59' title='bbox 716 1671 967 1772; x_wconf 74' lang='grc' dir='ltr'><strong><em>λόγων</em></strong></span> <span class='ocrx_word' id='word_1_60' title='bbox 986 1721 1013 1762; x_wconf 86' lang='grc'><strong><em>,</em></strong></span> <span class='ocrx_word' id='word_1_61' title='bbox 1062 1671 1207 1746; x_wconf 83' lang='lat' dir='ltr'>sive</span> <span class='ocrx_word' id='word_1_62' title='bbox 1246 1694 1541 1770; x_wconf 88' lang='lat' dir='ltr'>operum</span> <span class='ocrx_word' id='word_1_63' title='bbox 1584 1668 1924 1745; x_wconf 87' lang='lat' dir='ltr'>indicabo.</span> <span class='ocrx_word' id='word_1_64' title='bbox 2026 1668 2229 1744; x_wconf 89' lang='lat' dir='ltr'>Alius</span> <span class='ocrx_word' id='word_1_65' title='bbox 2273 1667 2583 1769; x_wconf 83' lang='lat' dir='ltr'>sophista</span> <span class='ocrx_word' id='word_1_66' title='bbox 2629 1668 2924 1743; x_wconf 89' lang='lat' dir='ltr'>affirmat</span> <span class='ocrx_word' id='word_1_67' title='bbox 2967 1676 3186 1743; x_wconf 89' lang='lat' dir='ltr'>artem</span> <span class='ocrx_word' id='word_1_68' title='bbox 3229 1669 3565 1746; x_wconf 81' lang='lat' dir='ltr'>medicam</span> 
     </span>
     <span class='ocr_line' id='line_1_10' title="bbox 524 1786 3566 1888; baseline -0.001 -22"><span class='ocrx_word' id='word_1_69' title='bbox 524 1813 675 1866; x_wconf 83' lang='lat' dir='ltr'>esse</span> <span class='ocrx_word' id='word_1_70' title='bbox 738 1796 1075 1886; x_wconf 70' lang='grc' dir='ltr'>τεχνίον</span> <span class='ocrx_word' id='word_1_71' title='bbox 1130 1791 1285 1888; x_wconf 76' lang='grc' dir='ltr'>μὲν</span> <span class='ocrx_word' id='word_1_72' title='bbox 1330 1796 1641 1868; x_wconf 75' lang='grc' dir='ltr'><strong><em>πασέων</em></strong></span> <span class='ocrx_word' id='word_1_73' title='bbox 1684 1789 2299 1887; x_wconf 71' lang='grc' dir='ltr'><strong><em>ἐπιφανεστάτην</em></strong></span> <span class='ocrx_word' id='word_1_74' title='bbox 2318 1843 2341 1881; x_wconf 83' lang='grc'><em>,</em></span> <span class='ocrx_word' id='word_1_75' title='bbox 2394 1788 2708 1863; x_wconf 88' lang='lat' dir='ltr'>omnium</span> <span class='ocrx_word' id='word_1_76' title='bbox 2761 1787 3018 1862; x_wconf 88' lang='lat' dir='ltr'>scilicet</span> <span class='ocrx_word' id='word_1_77' title='bbox 3067 1786 3318 1862; x_wconf 88' lang='lat' dir='ltr'>artium</span> <span class='ocrx_word' id='word_1_78' title='bbox 3369 1789 3566 1864; x_wconf 89' lang='lat' dir='ltr'>nobi-</span> 
     </span>
     <span class='ocr_line' id='line_1_11' title="bbox 525 1908 3570 2010; baseline -0 -25"><span class='ocrx_word' id='word_1_79' title='bbox 525 1908 886 1985; x_wconf 84' lang='lat' dir='ltr'>lissimam.</span> <span class='ocrx_word' id='word_1_80' title='bbox 988 1910 1213 1986; x_wconf 87' lang='lat' dir='ltr'>Docet</span> <span class='ocrx_word' id='word_1_81' title='bbox 1260 1933 1440 2010; x_wconf 86' lang='lat' dir='ltr'>quae</span> <span class='ocrx_word' id='word_1_82' title='bbox 1490 1911 1689 1986; x_wconf 89' lang='lat' dir='ltr'>dotes</span> <span class='ocrx_word' id='word_1_83' title='bbox 1730 1911 1957 1986; x_wconf 87' lang='lat' dir='ltr'>inesse</span> <span class='ocrx_word' id='word_1_84' title='bbox 2009 1910 2310 1986; x_wconf 82' lang='lat' dir='ltr'>debeant</span> <span class='ocrx_word' id='word_1_85' title='bbox 2354 1909 2455 1985; x_wconf 92' lang='lat' dir='ltr'>illi</span> <span class='ocrx_word' id='word_1_86' title='bbox 2477 1968 2496 1998; x_wconf 91' lang='lat'>,</span> <span class='ocrx_word' id='word_1_87' title='bbox 2553 1908 2674 2007; x_wconf 91' lang='lat' dir='ltr'>qui</span> <span class='ocrx_word' id='word_1_88' title='bbox 2731 1909 3342 2003; x_wconf 74' lang='grc' dir='ltr'><strong><em>ἐπιφανεστάτην</em></strong></span> <span class='ocrx_word' id='word_1_89' title='bbox 3383 1909 3570 1984; x_wconf 86' lang='lat' dir='ltr'>illam</span> 
     </span>
     <span class='ocr_line' id='line_1_12' title="bbox 524 2027 3572 2131; baseline 0 -27"><span class='ocrx_word' id='word_1_90' title='bbox 524 2039 741 2104; x_wconf 85' lang='lat' dir='ltr'>artem</span> <span class='ocrx_word' id='word_1_91' title='bbox 794 2029 1017 2106; x_wconf 86' lang='lat' dir='ltr'>discat</span> <span class='ocrx_word' id='word_1_92' title='bbox 1060 2037 1133 2106; x_wconf 91' lang='lat' dir='ltr'>et</span> <span class='ocrx_word' id='word_1_93' title='bbox 1176 2030 1349 2130; x_wconf 90' lang='lat' dir='ltr'>quid</span> <span class='ocrx_word' id='word_1_94' title='bbox 1394 2030 1771 2106; x_wconf 81' lang='lat' dir='ltr'>forinsecus</span> <span class='ocrx_word' id='word_1_95' title='bbox 1812 2031 2107 2131; x_wconf 88' lang='lat' dir='ltr'>propriis</span> <span class='ocrx_word' id='word_1_96' title='bbox 2152 2031 2289 2105; x_wconf 82' lang='lat' dir='ltr'>illis</span> <span class='ocrx_word' id='word_1_97' title='bbox 2336 2029 2619 2106; x_wconf 88' lang='lat' dir='ltr'>dotibus</span> <span class='ocrx_word' id='word_1_98' title='bbox 2671 2028 2992 2104; x_wconf 90' lang='lat' dir='ltr'>accedere</span> <span class='ocrx_word' id='word_1_99' title='bbox 3037 2027 3306 2104; x_wconf 90' lang='lat' dir='ltr'>debeat.</span> <span class='ocrx_word' id='word_1_100' title='bbox 3407 2030 3572 2104; x_wconf 89' lang='lat' dir='ltr'>Non</span> 
     </span>
     <span class='ocr_line' id='line_1_13' title="bbox 524 2150 3574 2250; baseline 0 -26"><span class='ocrx_word' id='word_1_101' title='bbox 524 2157 632 2224; x_wconf 89' lang='lat' dir='ltr'>est</span> <span class='ocrx_word' id='word_1_102' title='bbox 694 2173 861 2225; x_wconf 85' lang='lat' dir='ltr'>sane</span> <span class='ocrx_word' id='word_1_103' title='bbox 926 2151 1097 2241; x_wconf 91' lang='lat' dir='ltr'>hoc,</span> <span class='ocrx_word' id='word_1_104' title='bbox 1164 2150 1399 2250; x_wconf 91' lang='lat' dir='ltr'>inquit</span> <span class='ocrx_word' id='word_1_105' title='bbox 1464 2150 1752 2250; x_wconf 87' lang='lat' dir='ltr'>aliquis,</span> <span class='ocrx_word' id='word_1_106' title='bbox 1825 2150 2111 2240; x_wconf 89' lang='lat' dir='ltr'>inutile,</span> <span class='ocrx_word' id='word_1_107' title='bbox 2181 2173 2411 2250; x_wconf 89' lang='lat' dir='ltr'>neque</span> <span class='ocrx_word' id='word_1_108' title='bbox 2459 2150 2772 2250; x_wconf 91' lang='lat' dir='ltr'>ineptum</span> <span class='ocrx_word' id='word_1_109' title='bbox 2797 2208 2818 2238; x_wconf 92' lang='lat'>,</span> <span class='ocrx_word' id='word_1_110' title='bbox 2873 2173 3084 2247; x_wconf 90' lang='lat' dir='ltr'>quare</span> <span class='ocrx_word' id='word_1_111' title='bbox 3135 2150 3574 2224; x_wconf 73' lang='lat' dir='ltr'>contemnis?</span> 
     </span>
     <span class='ocr_line' id='line_1_14' title="bbox 524 2269 3576 2371; baseline -0.002 -25"><span class='ocrx_word' id='word_1_112' title='bbox 524 2269 799 2346; x_wconf 82' lang='lat' dir='ltr'>Scilicet</span> <span class='ocrx_word' id='word_1_113' title='bbox 862 2269 1093 2346; x_wconf 90' lang='lat' dir='ltr'>bonus</span> <span class='ocrx_word' id='word_1_114' title='bbox 1160 2269 1470 2371; x_wconf 78' lang='lat' dir='ltr'>sophista</span> <span class='ocrx_word' id='word_1_115' title='bbox 1492 2329 1513 2360; x_wconf 92' lang='lat'>,</span> <span class='ocrx_word' id='word_1_116' title='bbox 1580 2295 1671 2346; x_wconf 90' lang='lat' dir='ltr'>ne</span> <span class='ocrx_word' id='word_1_117' title='bbox 1740 2272 1829 2346; x_wconf 89' lang='lat' dir='ltr'>de</span> <span class='ocrx_word' id='word_1_118' title='bbox 1896 2270 2223 2346; x_wconf 90' lang='lat' dir='ltr'>orationis</span> <span class='ocrx_word' id='word_1_119' title='bbox 2293 2271 2443 2344; x_wconf 89' lang='lat' dir='ltr'>eius</span> <span class='ocrx_word' id='word_1_120' title='bbox 2493 2269 2817 2369; x_wconf 78' lang='lat' dir='ltr'>ampullis</span> <span class='ocrx_word' id='word_1_121' title='bbox 2867 2269 3142 2368; x_wconf 88' lang='lat' dir='ltr'>loquar,</span> <span class='ocrx_word' id='word_1_122' title='bbox 3203 2293 3338 2342; x_wconf 88' lang='lat' dir='ltr'>non</span> <span class='ocrx_word' id='word_1_123' title='bbox 3389 2269 3576 2343; x_wconf 88' lang='lat' dir='ltr'>videt</span> 
     </span>
     <span class='ocr_line' id='line_1_15' title="bbox 524 2388 3574 2488; baseline -0.001 -23"><span class='ocrx_word' id='word_1_124' title='bbox 524 2391 714 2488; x_wconf 87' lang='lat' dir='ltr'>quod</span> <span class='ocrx_word' id='word_1_125' title='bbox 786 2389 1111 2488; x_wconf 84' lang='lat' dir='ltr'>requirit,</span> <span class='ocrx_word' id='word_1_126' title='bbox 1180 2397 1263 2464; x_wconf 90' lang='lat' dir='ltr'>ut</span> <span class='ocrx_word' id='word_1_127' title='bbox 1332 2399 1551 2465; x_wconf 86' lang='lat' dir='ltr'>artem</span> <span class='ocrx_word' id='word_1_128' title='bbox 1620 2390 1955 2465; x_wconf 89' lang='lat' dir='ltr'>medicam</span> <span class='ocrx_word' id='word_1_129' title='bbox 2008 2391 2165 2488; x_wconf 91' lang='lat' dir='ltr'>quis</span> <span class='ocrx_word' id='word_1_130' title='bbox 2220 2389 2352 2464; x_wconf 88' lang='lat' dir='ltr'>rite</span> <span class='ocrx_word' id='word_1_131' title='bbox 2400 2391 2768 2478; x_wconf 83' lang='lat' dir='ltr'>doceatur,</span> <span class='ocrx_word' id='word_1_132' title='bbox 2822 2389 2910 2463; x_wconf 91' lang='lat' dir='ltr'>de</span> <span class='ocrx_word' id='word_1_133' title='bbox 2957 2389 3200 2487; x_wconf 84' lang='lat' dir='ltr'>quavis</span> <span class='ocrx_word' id='word_1_134' title='bbox 3245 2388 3378 2464; x_wconf 88' lang='lat' dir='ltr'>alia</span> <span class='ocrx_word' id='word_1_135' title='bbox 3427 2396 3574 2464; x_wconf 89' lang='lat' dir='ltr'>arte</span> 
     </span>
     <span class='ocr_line' id='line_1_16' title="bbox 522 2508 3568 2608; baseline -0 -24"><span class='ocrx_word' id='word_1_136' title='bbox 522 2509 847 2584; x_wconf 84' lang='lat' dir='ltr'>affirmari</span> <span class='ocrx_word' id='word_1_137' title='bbox 916 2533 1121 2607; x_wconf 87' lang='lat' dir='ltr'>posse</span> <span class='ocrx_word' id='word_1_138' title='bbox 1143 2566 1163 2597; x_wconf 93' lang='lat'>,</span> <span class='ocrx_word' id='word_1_139' title='bbox 1232 2533 1361 2585; x_wconf 88' lang='lat' dir='ltr'>nec</span> <span class='ocrx_word' id='word_1_140' title='bbox 1432 2509 1813 2608; x_wconf 89' lang='lat' dir='ltr'>quidquam</span> <span class='ocrx_word' id='word_1_141' title='bbox 1870 2533 1945 2584; x_wconf 87' lang='lat' dir='ltr'>se</span> <span class='ocrx_word' id='word_1_142' title='bbox 1998 2531 2277 2583; x_wconf 90' lang='lat' dir='ltr'>monere</span> <span class='ocrx_word' id='word_1_143' title='bbox 2296 2567 2316 2597; x_wconf 92' lang='lat'>‚</span> <span class='ocrx_word' id='word_1_144' title='bbox 2388 2509 2580 2607; x_wconf 90' lang='lat' dir='ltr'>quod</span> <span class='ocrx_word' id='word_1_145' title='bbox 2625 2508 3007 2584; x_wconf 82' lang='lat' dir='ltr'>medicinae</span> <span class='ocrx_word' id='word_1_146' title='bbox 3057 2509 3368 2583; x_wconf 87' lang='lat' dir='ltr'>studioso</span> <span class='ocrx_word' id='word_1_147' title='bbox 3415 2533 3568 2608; x_wconf 89' lang='lat' dir='ltr'>pro-</span> 
     </span>
     <span class='ocr_line' id='line_1_17' title="bbox 522 2627 3568 2730; baseline 0 -27"><span class='ocrx_word' id='word_1_148' title='bbox 522 2629 753 2730; x_wconf 89' lang='lat' dir='ltr'>prium</span> <span class='ocrx_word' id='word_1_149' title='bbox 827 2653 977 2704; x_wconf 89' lang='lat' dir='ltr'>esse</span> <span class='ocrx_word' id='word_1_150' title='bbox 1049 2628 1323 2706; x_wconf 88' lang='lat' dir='ltr'>debeat.</span> <span class='ocrx_word' id='word_1_151' title='bbox 1422 2630 1621 2705; x_wconf 87' lang='lat' dir='ltr'>Idem</span> <span class='ocrx_word' id='word_1_152' title='bbox 1672 2628 1806 2704; x_wconf 88' lang='lat' dir='ltr'>alio</span> <span class='ocrx_word' id='word_1_153' title='bbox 1852 2629 1999 2704; x_wconf 93' lang='lat' dir='ltr'>loco</span> <span class='ocrx_word' id='word_1_154' title='bbox 2048 2628 2462 2705; x_wconf 78' lang='lat' dir='ltr'>medicinam</span> <span class='ocrx_word' id='word_1_155' title='bbox 2511 2653 2597 2704; x_wconf 86' lang='lat' dir='ltr'>ex</span> <span class='ocrx_word' id='word_1_156' title='bbox 2646 2635 2792 2704; x_wconf 87' lang='lat' dir='ltr'>arte</span> <span class='ocrx_word' id='word_1_157' title='bbox 2849 2627 3182 2704; x_wconf 69' lang='lat' dir='ltr'>culinaria</span> <span class='ocrx_word' id='word_1_158' title='bbox 3233 2628 3568 2728; x_wconf 87' lang='lat' dir='ltr'>originem</span> 
     </span>
     <span class='ocr_line' id='line_1_18' title="bbox 522 2746 3570 2850; baseline 0 -27"><span class='ocrx_word' id='word_1_159' title='bbox 522 2748 805 2824; x_wconf 85' lang='lat' dir='ltr'>duxisse</span> <span class='ocrx_word' id='word_1_160' title='bbox 852 2746 1050 2824; x_wconf 86' lang='lat' dir='ltr'>docet</span> <span class='ocrx_word' id='word_1_161' title='bbox 1074 2807 1095 2838; x_wconf 99' lang='lat'>,</span> <span class='ocrx_word' id='word_1_162' title='bbox 1144 2773 1325 2848; x_wconf 87' lang='lat' dir='ltr'>quae</span> <span class='ocrx_word' id='word_1_163' title='bbox 1376 2749 1527 2850; x_wconf 87' lang='lat' dir='ltr'>ipsa</span> <span class='ocrx_word' id='word_1_164' title='bbox 1574 2756 1901 2825; x_wconf 85' lang='lat' dir='ltr'>exornata</span> <span class='ocrx_word' id='word_1_165' title='bbox 1944 2749 2037 2824; x_wconf 91' lang='lat' dir='ltr'>sit</span> <span class='ocrx_word' id='word_1_166' title='bbox 2080 2757 2163 2823; x_wconf 90' lang='lat' dir='ltr'>ut</span> <span class='ocrx_word' id='word_1_167' title='bbox 2210 2771 2425 2823; x_wconf 89' lang='lat' dir='ltr'>noxas</span> <span class='ocrx_word' id='word_1_168' title='bbox 2471 2772 2513 2822; x_wconf 90' lang='lat' dir='ltr'>e</span> <span class='ocrx_word' id='word_1_169' title='bbox 2559 2747 2780 2838; x_wconf 86' lang='lat' dir='ltr'>betis,</span> <span class='ocrx_word' id='word_1_170' title='bbox 2832 2748 3045 2837; x_wconf 85' lang='lat' dir='ltr'>favis,</span> <span class='ocrx_word' id='word_1_171' title='bbox 3089 2748 3260 2849; x_wconf 88' lang='lat' dir='ltr'>pisis</span> <span class='ocrx_word' id='word_1_172' title='bbox 3301 2748 3570 2839; x_wconf 90' lang='lat' dir='ltr'>crudis,</span> 
     </span>
     <span class='ocr_line' id='line_1_19' title="bbox 524 2867 3568 2969; baseline -0.001 -25"><span class='ocrx_word' id='word_1_173' title='bbox 524 2869 785 2968; x_wconf 87' lang='lat' dir='ltr'>quibus</span> <span class='ocrx_word' id='word_1_174' title='bbox 847 2877 1281 2944; x_wconf 83' lang='lat' dir='ltr'>vescerentur</span> <span class='ocrx_word' id='word_1_175' title='bbox 1342 2869 1507 2944; x_wconf 91' lang='lat' dir='ltr'>olim</span> <span class='ocrx_word' id='word_1_176' title='bbox 1554 2869 1908 2958; x_wconf 86' lang='lat' dir='ltr'>homines,</span> <span class='ocrx_word' id='word_1_177' title='bbox 1959 2867 2447 2969; x_wconf 73' lang='lat' dir='ltr'>praeciderent.</span> <span class='ocrx_word' id='word_1_178' title='bbox 2550 2867 2754 2942; x_wconf 89' lang='lat' dir='ltr'>Alius</span> <span class='ocrx_word' id='word_1_179' title='bbox 2799 2867 3106 2967; x_wconf 83' lang='lat' dir='ltr'>sophista</span> <span class='ocrx_word' id='word_1_180' title='bbox 3145 2868 3568 2966; x_wconf 84' lang='lat' dir='ltr'>praeclarum</span> 
     </span>
     <span class='ocr_line' id='line_1_20' title="bbox 520 2987 3566 3091; baseline 0.001 -29"><span class='ocrx_word' id='word_1_181' title='bbox 520 2988 734 3064; x_wconf 86' lang='lat' dir='ltr'>iactat</span> <span class='ocrx_word' id='word_1_182' title='bbox 782 2988 1145 3064; x_wconf 83' lang='lat' dir='ltr'>inventum</span> <span class='ocrx_word' id='word_1_183' title='bbox 1196 3013 1401 3065; x_wconf 89' lang='lat' dir='ltr'>suum</span> <span class='ocrx_word' id='word_1_184' title='bbox 1432 3049 1453 3079; x_wconf 92' lang='lat'>,</span> <span class='ocrx_word' id='word_1_185' title='bbox 1504 2989 1699 3090; x_wconf 88' lang='lat' dir='ltr'>quod</span> <span class='ocrx_word' id='word_1_186' title='bbox 1745 2989 1944 3091; x_wconf 87' lang='lat' dir='ltr'>signa</span> <span class='ocrx_word' id='word_1_187' title='bbox 1987 2989 2361 3077; x_wconf 86' lang='lat' dir='ltr'>detexerit,</span> <span class='ocrx_word' id='word_1_188' title='bbox 2410 2987 2670 3088; x_wconf 89' lang='lat' dir='ltr'>quibus</span> <span class='ocrx_word' id='word_1_189' title='bbox 2717 2987 2974 3077; x_wconf 86' lang='lat' dir='ltr'>morbi,</span> <span class='ocrx_word' id='word_1_190' title='bbox 3023 2987 3146 3088; x_wconf 90' lang='lat' dir='ltr'>qui</span> <span class='ocrx_word' id='word_1_191' title='bbox 3191 3013 3276 3064; x_wconf 86' lang='lat' dir='ltr'>ex</span> <span class='ocrx_word' id='word_1_192' title='bbox 3318 2989 3566 3064; x_wconf 85' lang='lat' dir='ltr'>intem-</span> 
     </span>
     <span class='ocr_line' id='line_1_21' title="bbox 522 3108 3566 3208; baseline -0.001 -21"><span class='ocrx_word' id='word_1_193' title='bbox 522 3110 834 3207; x_wconf 78' lang='lat' dir='ltr'>perantia</span> <span class='ocrx_word' id='word_1_194' title='bbox 898 3116 1053 3184; x_wconf 90' lang='lat' dir='ltr'>tum</span> <span class='ocrx_word' id='word_1_195' title='bbox 1120 3108 1195 3184; x_wconf 91' lang='lat' dir='ltr'>in</span> <span class='ocrx_word' id='word_1_196' title='bbox 1270 3109 1485 3201; x_wconf 89' lang='lat' dir='ltr'>cibis,</span> <span class='ocrx_word' id='word_1_197' title='bbox 1552 3117 1706 3186; x_wconf 89' lang='lat' dir='ltr'>tum</span> <span class='ocrx_word' id='word_1_198' title='bbox 1768 3111 1841 3187; x_wconf 90' lang='lat' dir='ltr'>in</span> <span class='ocrx_word' id='word_1_199' title='bbox 1914 3110 2269 3187; x_wconf 87' lang='lat' dir='ltr'>laboribus</span> <span class='ocrx_word' id='word_1_200' title='bbox 2340 3110 2530 3185; x_wconf 86' lang='lat' dir='ltr'>nasci</span> <span class='ocrx_word' id='word_1_201' title='bbox 2599 3109 2862 3183; x_wconf 85' lang='lat' dir='ltr'>soleant</span> <span class='ocrx_word' id='word_1_202' title='bbox 2884 3168 2903 3198; x_wconf 92' lang='lat'>,</span> <span class='ocrx_word' id='word_1_203' title='bbox 2977 3109 3380 3208; x_wconf 87' lang='lat' dir='ltr'>priusquam</span> <span class='ocrx_word' id='word_1_204' title='bbox 3431 3110 3566 3185; x_wconf 89' lang='lat' dir='ltr'>orti</span> 
     </span>
     <span class='ocr_line' id='line_1_22' title="bbox 526 3228 3568 3330; baseline 0 -27"><span class='ocrx_word' id='word_1_205' title='bbox 526 3228 667 3303; x_wconf 86' lang='lat' dir='ltr'>sint</span> <span class='ocrx_word' id='word_1_206' title='bbox 708 3235 1215 3328; x_wconf 85' lang='lat' dir='ltr'>cognoscantur</span> <span class='ocrx_word' id='word_1_207' title='bbox 1262 3238 1336 3305; x_wconf 91' lang='lat' dir='ltr'>et</span> <span class='ocrx_word' id='word_1_208' title='bbox 1388 3230 1669 3321; x_wconf 89' lang='lat' dir='ltr'>modos,</span> <span class='ocrx_word' id='word_1_209' title='bbox 1716 3230 1975 3330; x_wconf 90' lang='lat' dir='ltr'>quibus</span> <span class='ocrx_word' id='word_1_210' title='bbox 2018 3230 2239 3305; x_wconf 83' lang='lat' dir='ltr'>futuri</span> <span class='ocrx_word' id='word_1_211' title='bbox 2279 3238 2816 3328; x_wconf 78' lang='lat' dir='ltr'>praevertentur.</span> <span class='ocrx_word' id='word_1_212' title='bbox 2920 3228 3064 3304; x_wconf 92' lang='lat' dir='ltr'>Ubi</span> <span class='ocrx_word' id='word_1_213' title='bbox 3109 3229 3568 3330; x_wconf 87' lang='lat' dir='ltr'>Hippocrates</span> 
     </span>
     <span class='ocr_line' id='line_1_23' title="bbox 523 3347 3565 3453; baseline 0.001 -31"><span class='ocrx_word' id='word_1_214' title='bbox 523 3347 851 3424; x_wconf 80' lang='lat' dir='ltr'>brevibus</span> <span class='ocrx_word' id='word_1_215' title='bbox 911 3348 1139 3425; x_wconf 79' lang='lat' dir='ltr'>verbis</span> <span class='ocrx_word' id='word_1_216' title='bbox 1204 3348 1619 3453; x_wconf 83' lang='lat' dir='ltr'>significavit</span> <span class='ocrx_word' id='word_1_217' title='bbox 1691 3351 2093 3451; x_wconf 89' lang='lat' dir='ltr'>epilepsiam</span> <span class='ocrx_word' id='word_1_218' title='bbox 2164 3351 2512 3427; x_wconf 83' lang='lat' dir='ltr'>immerito</span> <span class='ocrx_word' id='word_1_219' title='bbox 2568 3350 2901 3425; x_wconf 88' lang='lat' dir='ltr'>divinitus</span> <span class='ocrx_word' id='word_1_220' title='bbox 2943 3350 3334 3426; x_wconf 87' lang='lat' dir='ltr'>immissum</span> <span class='ocrx_word' id='word_1_221' title='bbox 3385 3375 3565 3425; x_wconf 88' lang='lat' dir='ltr'>mor-</span> 
     </span>
     <span class='ocr_line' id='line_1_24' title="bbox 522 3466 3564 3572; baseline 0.001 -30"><span class='ocrx_word' id='word_1_222' title='bbox 522 3466 694 3543; x_wconf 89' lang='lat' dir='ltr'>bum</span> <span class='ocrx_word' id='word_1_223' title='bbox 756 3467 931 3558; x_wconf 88' lang='lat' dir='ltr'>dici,</span> <span class='ocrx_word' id='word_1_224' title='bbox 996 3469 1177 3544; x_wconf 89' lang='lat' dir='ltr'>alius</span> <span class='ocrx_word' id='word_1_225' title='bbox 1238 3471 1549 3571; x_wconf 89' lang='lat' dir='ltr'>sophista</span> <span class='ocrx_word' id='word_1_226' title='bbox 1610 3471 1963 3572; x_wconf 86' lang='lat' dir='ltr'>integrum</span> <span class='ocrx_word' id='word_1_227' title='bbox 2038 3470 2275 3546; x_wconf 90' lang='lat' dir='ltr'>scribit</span> <span class='ocrx_word' id='word_1_228' title='bbox 2322 3478 2694 3546; x_wconf 86' lang='lat' dir='ltr'>tractatum</span> <span class='ocrx_word' id='word_1_229' title='bbox 2743 3477 2814 3545; x_wconf 89' lang='lat' dir='ltr'>et</span> <span class='ocrx_word' id='word_1_230' title='bbox 2864 3495 3080 3545; x_wconf 90' lang='lat' dir='ltr'>unum</span> <span class='ocrx_word' id='word_1_231' title='bbox 3132 3471 3564 3570; x_wconf 88' lang='lat' dir='ltr'>alterumque</span> 
     </span>
     <span class='ocr_line' id='line_1_25' title="bbox 476 3587 3563 3690; baseline 0 -28"><span class='ocrx_word' id='word_1_232' title='bbox 476 3594 485 3603; x_wconf 82' lang='lat'><strong><em>&#39;</em></strong></span> <span class='ocrx_word' id='word_1_233' title='bbox 525 3587 741 3662; x_wconf 86' lang='lat' dir='ltr'>divini</span> <span class='ocrx_word' id='word_1_234' title='bbox 806 3588 991 3663; x_wconf 90' lang='lat' dir='ltr'>senis</span> <span class='ocrx_word' id='word_1_235' title='bbox 1058 3590 1287 3664; x_wconf 88' lang='lat' dir='ltr'>locum</span> <span class='ocrx_word' id='word_1_236' title='bbox 1354 3590 1595 3690; x_wconf 86' lang='lat' dir='ltr'>arripit</span> <span class='ocrx_word' id='word_1_237' title='bbox 1617 3649 1637 3679; x_wconf 94' lang='lat'>,</span> <span class='ocrx_word' id='word_1_238' title='bbox 1694 3590 1953 3689; x_wconf 89' lang='lat' dir='ltr'>quibus</span> <span class='ocrx_word' id='word_1_239' title='bbox 2014 3591 2427 3690; x_wconf 89' lang='lat' dir='ltr'>superstruit</span> <span class='ocrx_word' id='word_1_240' title='bbox 2489 3590 3142 3665; x_wconf 85' lang='lat' dir='ltr'>demonstrationem</span> <span class='ocrx_word' id='word_1_241' title='bbox 3194 3590 3333 3677; x_wconf 89' lang='lat' dir='ltr'>rei,</span> <span class='ocrx_word' id='word_1_242' title='bbox 3385 3615 3563 3688; x_wconf 91' lang='lat' dir='ltr'>quae</span> 
     </span>
     <span class='ocr_line' id='line_1_26' title="bbox 530 3699 3564 3810; baseline 0.001 -29"><span class='ocrx_word' id='word_1_243' title='bbox 530 3706 801 3782; x_wconf 89' lang='lat' dir='ltr'>dudum</span> <span class='ocrx_word' id='word_1_244' title='bbox 860 3715 1023 3806; x_wconf 89' lang='lat' dir='ltr'>apte</span> <span class='ocrx_word' id='word_1_245' title='bbox 1088 3708 1525 3785; x_wconf 85' lang='lat' dir='ltr'>subindicata</span> <span class='ocrx_word' id='word_1_246' title='bbox 1582 3710 2167 3785; x_wconf 86' lang='lat' dir='ltr'>demonstratione</span> <span class='ocrx_word' id='word_1_247' title='bbox 2234 3711 2440 3810; x_wconf 89' lang='lat' dir='ltr'>longa</span> <span class='ocrx_word' id='word_1_248' title='bbox 2497 3734 2632 3783; x_wconf 93' lang='lat' dir='ltr'>non</span> <span class='ocrx_word' id='word_1_249' title='bbox 2683 3710 2970 3807; x_wconf 84' lang='lat' dir='ltr'>indiget.</span> <span class='ocrx_word' id='word_1_250' title='bbox 3071 3699 3286 3782; x_wconf 86' lang='lat' dir='ltr'>Alius</span> <span class='ocrx_word' id='word_1_251' title='bbox 3322 3733 3564 3783; x_wconf 87' lang='lat' dir='ltr'>omnes</span> 
     </span>
     <span class='ocr_line' id='line_1_27' title="bbox 526 3825 3561 3926; baseline 0.001 -27"><span class='ocrx_word' id='word_1_252' title='bbox 526 3825 805 3900; x_wconf 87' lang='lat' dir='ltr'>morbos</span> <span class='ocrx_word' id='word_1_253' title='bbox 868 3850 954 3901; x_wconf 88' lang='lat' dir='ltr'>ex</span> <span class='ocrx_word' id='word_1_254' title='bbox 1020 3826 1231 3916; x_wconf 82' lang='lat' dir='ltr'>flatu,</span> <span class='ocrx_word' id='word_1_255' title='bbox 1306 3852 1389 3903; x_wconf 82' lang='lat' dir='ltr'>ex</span> <span class='ocrx_word' id='word_1_256' title='bbox 1464 3832 1621 3904; x_wconf 67' lang='lat' dir='ltr'>aere</span> <span class='ocrx_word' id='word_1_257' title='bbox 1689 3836 1842 3904; x_wconf 90' lang='lat' dir='ltr'>tum</span> <span class='ocrx_word' id='word_1_258' title='bbox 1910 3829 2218 3918; x_wconf 91' lang='lat' dir='ltr'>interno,</span> <span class='ocrx_word' id='word_1_259' title='bbox 2286 3838 2439 3903; x_wconf 89' lang='lat' dir='ltr'>tum</span> <span class='ocrx_word' id='word_1_260' title='bbox 2491 3836 2775 3902; x_wconf 79' lang='lat' dir='ltr'>externo</span> <span class='ocrx_word' id='word_1_261' title='bbox 2819 3826 3015 3926; x_wconf 82' lang='lat' dir='ltr'>gigni</span> <span class='ocrx_word' id='word_1_262' title='bbox 3061 3827 3332 3916; x_wconf 90' lang='lat' dir='ltr'>scribit,</span> <span class='ocrx_word' id='word_1_263' title='bbox 3384 3827 3561 3902; x_wconf 90' lang='lat' dir='ltr'>alius</span> 
     </span>
     <span class='ocr_line' id='line_1_28' title="bbox 529 3944 3562 4048; baseline 0 -28"><span class='ocrx_word' id='word_1_264' title='bbox 529 3968 617 4020; x_wconf 81' lang='lat' dir='ltr'>ex</span> <span class='ocrx_word' id='word_1_265' title='bbox 678 3944 819 4019; x_wconf 92' lang='lat' dir='ltr'>bile</span> <span class='ocrx_word' id='word_1_266' title='bbox 884 3953 958 4019; x_wconf 90' lang='lat' dir='ltr'>et</span> <span class='ocrx_word' id='word_1_267' title='bbox 1019 3946 1273 4046; x_wconf 88' lang='lat' dir='ltr'>pituita</span> <span class='ocrx_word' id='word_1_268' title='bbox 1318 3948 1392 4022; x_wconf 89' lang='lat' dir='ltr'>in</span> <span class='ocrx_word' id='word_1_269' title='bbox 1440 3972 1722 4047; x_wconf 87' lang='lat' dir='ltr'>corpore</span> <span class='ocrx_word' id='word_1_270' title='bbox 1766 3948 2247 4048; x_wconf 84' lang='lat' dir='ltr'>praesentibus</span> <span class='ocrx_word' id='word_1_271' title='bbox 2267 4006 2287 4036; x_wconf 94' lang='lat'>,</span> <span class='ocrx_word' id='word_1_272' title='bbox 2340 3956 2411 4021; x_wconf 91' lang='lat' dir='ltr'>et</span> <span class='ocrx_word' id='word_1_273' title='bbox 2462 3972 2504 4023; x_wconf 90' lang='lat' dir='ltr'>e</span> <span class='ocrx_word' id='word_1_274' title='bbox 2551 3947 2942 4036; x_wconf 87' lang='lat' dir='ltr'>laboribus,</span> <span class='ocrx_word' id='word_1_275' title='bbox 2991 3945 3391 4021; x_wconf 85' lang='lat' dir='ltr'>vulneribus</span> <span class='ocrx_word' id='word_1_276' title='bbox 3417 4006 3438 4037; x_wconf 99' lang='lat'>,</span> <span class='ocrx_word' id='word_1_277' title='bbox 3491 3958 3562 4021; x_wconf 89' lang='lat' dir='ltr'>et</span> 
     </span>
     <span class='ocr_line' id='line_1_29' title="bbox 524 4064 3562 4167; baseline 0.001 -28"><span class='ocrx_word' id='word_1_278' title='bbox 524 4064 747 4140; x_wconf 84' lang='lat' dir='ltr'>calido</span> <span class='ocrx_word' id='word_1_279' title='bbox 792 4074 865 4141; x_wconf 86' lang='lat' dir='ltr'>et</span> <span class='ocrx_word' id='word_1_280' title='bbox 906 4064 1163 4166; x_wconf 79' lang='lat' dir='ltr'>frigido</span> <span class='ocrx_word' id='word_1_281' title='bbox 1201 4073 1273 4141; x_wconf 88' lang='lat' dir='ltr'>et</span> <span class='ocrx_word' id='word_1_282' title='bbox 1320 4067 1497 4143; x_wconf 92' lang='lat' dir='ltr'>sicco</span> <span class='ocrx_word' id='word_1_283' title='bbox 1539 4078 1749 4167; x_wconf 88' lang='lat' dir='ltr'>atque</span> <span class='ocrx_word' id='word_1_284' title='bbox 1794 4068 2086 4143; x_wconf 88' lang='lat' dir='ltr'>humido</span> <span class='ocrx_word' id='word_1_285' title='bbox 2124 4067 2411 4143; x_wconf 89' lang='lat' dir='ltr'>modum</span> <span class='ocrx_word' id='word_1_286' title='bbox 2458 4064 2973 4142; x_wconf 77' lang='lat' dir='ltr'>excedentibus.</span> <span class='ocrx_word' id='word_1_287' title='bbox 3023 4118 3116 4129; x_wconf 86' lang='lat'><em>-</em></span> <span class='ocrx_word' id='word_1_288' title='bbox 3161 4066 3424 4141; x_wconf 89' lang='lat' dir='ltr'>Verum</span> <span class='ocrx_word' id='word_1_289' title='bbox 3450 4068 3562 4144; x_wconf 89' lang='lat' dir='ltr'>hic</span> 
     </span>
     <span class='ocr_line' id='line_1_30' title="bbox 528 4183 3559 4284; baseline 0.002 -27"><span class='ocrx_word' id='word_1_290' title='bbox 528 4183 872 4274; x_wconf 83' lang='lat' dir='ltr'>subsisto,</span> <span class='ocrx_word' id='word_1_291' title='bbox 925 4208 1059 4259; x_wconf 88' lang='lat' dir='ltr'>neo</span> <span class='ocrx_word' id='word_1_292' title='bbox 1117 4184 1319 4284; x_wconf 86' lang='lat' dir='ltr'>plura</span> <span class='ocrx_word' id='word_1_293' title='bbox 1383 4185 1691 4284; x_wconf 85' lang='lat' dir='ltr'>profero,</span> <span class='ocrx_word' id='word_1_294' title='bbox 1763 4193 1845 4261; x_wconf 91' lang='lat' dir='ltr'>ut</span> <span class='ocrx_word' id='word_1_295' title='bbox 1906 4186 2373 4261; x_wconf 88' lang='lat' dir='ltr'>demonstrem</span> <span class='ocrx_word' id='word_1_296' title='bbox 2438 4212 2481 4261; x_wconf 91' lang='lat' dir='ltr'>a</span> <span class='ocrx_word' id='word_1_297' title='bbox 2547 4186 2738 4261; x_wconf 83' lang='lat' dir='ltr'>vanis</span> <span class='ocrx_word' id='word_1_298' title='bbox 2782 4185 2892 4259; x_wconf 89' lang='lat' dir='ltr'>his</span> <span class='ocrx_word' id='word_1_299' title='bbox 2940 4187 3339 4263; x_wconf 91' lang='lat' dir='ltr'>hominibus</span> <span class='ocrx_word' id='word_1_300' title='bbox 3386 4188 3559 4263; x_wconf 92' lang='lat' dir='ltr'>nihil</span> 
     </span>
     <span class='ocr_line' id='line_1_31' title="bbox 526 4302 3554 4406; baseline 0.002 -29"><span class='ocrx_word' id='word_1_301' title='bbox 526 4302 909 4401; x_wconf 71' lang='lat' dir='ltr'>profectum</span> <span class='ocrx_word' id='word_1_302' title='bbox 964 4328 1152 4395; x_wconf 91' lang='lat' dir='ltr'>esse,</span> <span class='ocrx_word' id='word_1_303' title='bbox 1202 4306 1392 4404; x_wconf 88' lang='lat' dir='ltr'>quod</span> <span class='ocrx_word' id='word_1_304' title='bbox 1432 4306 1521 4381; x_wconf 90' lang='lat' dir='ltr'>ad</span> <span class='ocrx_word' id='word_1_305' title='bbox 1558 4312 1775 4382; x_wconf 81' lang='lat' dir='ltr'>artem</span> <span class='ocrx_word' id='word_1_306' title='bbox 1824 4306 1967 4381; x_wconf 88' lang='lat' dir='ltr'>sive</span> <span class='ocrx_word' id='word_1_307' title='bbox 2009 4304 2438 4381; x_wconf 86' lang='lat' dir='ltr'>condendam</span> <span class='ocrx_word' id='word_1_308' title='bbox 2461 4364 2482 4394; x_wconf 92' lang='lat'>,</span> <span class='ocrx_word' id='word_1_309' title='bbox 2533 4306 2676 4381; x_wconf 84' lang='lat' dir='ltr'>sive</span> <span class='ocrx_word' id='word_1_310' title='bbox 2735 4307 3290 4406; x_wconf 85' lang='lat' dir='ltr'>amplificandam</span> <span class='ocrx_word' id='word_1_311' title='bbox 3327 4307 3554 4384; x_wconf 82' lang='lat' dir='ltr'>faciat.</span> 
     </span>
     <span class='ocr_line' id='line_1_32' title="bbox 529 4420 3556 4525; baseline 0.002 -31"><span class='ocrx_word' id='word_1_312' title='bbox 529 4420 679 4496; x_wconf 86' lang='lat' dir='ltr'>Neo</span> <span class='ocrx_word' id='word_1_313' title='bbox 732 4448 889 4498; x_wconf 87' lang='lat' dir='ltr'>vero</span> <span class='ocrx_word' id='word_1_314' title='bbox 930 4425 1317 4525; x_wconf 84' lang='lat' dir='ltr'>quidquam</span> <span class='ocrx_word' id='word_1_315' title='bbox 1340 4483 1361 4514; x_wconf 90' lang='lat'>,</span> <span class='ocrx_word' id='word_1_316' title='bbox 1411 4426 1601 4524; x_wconf 91' lang='lat' dir='ltr'>quod</span> <span class='ocrx_word' id='word_1_317' title='bbox 1636 4428 1711 4503; x_wconf 93' lang='lat' dir='ltr'>in</span> <span class='ocrx_word' id='word_1_318' title='bbox 1752 4426 2165 4503; x_wconf 86' lang='lat' dir='ltr'>medicinam</span> <span class='ocrx_word' id='word_1_319' title='bbox 2216 4426 2604 4501; x_wconf 81' lang='lat' dir='ltr'>futurorum</span> <span class='ocrx_word' id='word_1_320' title='bbox 2645 4428 3072 4501; x_wconf 87' lang='lat' dir='ltr'>saeculorum</span> <span class='ocrx_word' id='word_1_321' title='bbox 3119 4426 3258 4501; x_wconf 87' lang='lat' dir='ltr'>vim</span> <span class='ocrx_word' id='word_1_322' title='bbox 3297 4427 3556 4501; x_wconf 87' lang='lat' dir='ltr'>habue-</span> 
     </span>
     <span class='ocr_line' id='line_1_33' title="bbox 528 4540 3554 4643; baseline 0.002 -28"><span class='ocrx_word' id='word_1_323' title='bbox 528 4540 659 4629; x_wconf 85' lang='lat' dir='ltr'>rit,</span> <span class='ocrx_word' id='word_1_324' title='bbox 724 4564 767 4615; x_wconf 85' lang='lat' dir='ltr'>a</span> <span class='ocrx_word' id='word_1_325' title='bbox 828 4544 1153 4643; x_wconf 85' lang='lat' dir='ltr'>sophistis</span> <span class='ocrx_word' id='word_1_326' title='bbox 1214 4546 1323 4622; x_wconf 87' lang='lat' dir='ltr'>his</span> <span class='ocrx_word' id='word_1_327' title='bbox 1380 4546 1699 4623; x_wconf 86' lang='lat' dir='ltr'>relictum</span> <span class='ocrx_word' id='word_1_328' title='bbox 1751 4556 1859 4624; x_wconf 88' lang='lat' dir='ltr'>est</span> <span class='ocrx_word' id='word_1_329' title='bbox 1880 4608 1899 4638; x_wconf 91' lang='lat'>,</span> <span class='ocrx_word' id='word_1_330' title='bbox 1948 4547 2047 4623; x_wconf 88' lang='lat' dir='ltr'>ita</span> <span class='ocrx_word' id='word_1_331' title='bbox 2090 4556 2171 4623; x_wconf 92' lang='lat' dir='ltr'>ut</span> <span class='ocrx_word' id='word_1_332' title='bbox 2222 4546 2373 4621; x_wconf 89' lang='lat' dir='ltr'>iure</span> <span class='ocrx_word' id='word_1_333' title='bbox 2414 4546 2672 4621; x_wconf 88' lang='lat' dir='ltr'>dixisse</span> <span class='ocrx_word' id='word_1_334' title='bbox 2713 4545 2885 4619; x_wconf 88' lang='lat' dir='ltr'>mihi</span> <span class='ocrx_word' id='word_1_335' title='bbox 2947 4546 3215 4633; x_wconf 87' lang='lat' dir='ltr'>videar,</span> <span class='ocrx_word' id='word_1_336' title='bbox 3269 4570 3380 4619; x_wconf 91' lang='lat' dir='ltr'>me</span> <span class='ocrx_word' id='word_1_337' title='bbox 3437 4571 3554 4622; x_wconf 91' lang='lat' dir='ltr'>eos</span> 
     </span>
     <span class='ocr_line' id='line_1_34' title="bbox 526 4664 3556 4769; baseline 0.002 -34"><span class='ocrx_word' id='word_1_338' title='bbox 526 4668 801 4736; x_wconf 87' lang='lat' dir='ltr'>tantum</span> <span class='ocrx_word' id='word_1_339' title='bbox 846 4686 1379 4743; x_wconf 79' lang='lat' dir='ltr'>commemorare</span> <span class='ocrx_word' id='word_1_340' title='bbox 1400 4726 1419 4757; x_wconf 88' lang='lat'>,</span> <span class='ocrx_word' id='word_1_341' title='bbox 1470 4677 1551 4742; x_wconf 91' lang='lat' dir='ltr'>ut</span> <span class='ocrx_word' id='word_1_342' title='bbox 1590 4668 1721 4744; x_wconf 89' lang='lat' dir='ltr'>hoc</span> <span class='ocrx_word' id='word_1_343' title='bbox 1752 4692 1977 4769; x_wconf 89' lang='lat' dir='ltr'>genus</span> <span class='ocrx_word' id='word_1_344' title='bbox 2014 4666 2377 4742; x_wconf 88' lang='lat' dir='ltr'>hominum</span> <span class='ocrx_word' id='word_1_345' title='bbox 2429 4693 2470 4742; x_wconf 87' lang='lat' dir='ltr'>a</span> <span class='ocrx_word' id='word_1_346' title='bbox 2509 4665 2795 4741; x_wconf 89' lang='lat' dir='ltr'>medicis</span> <span class='ocrx_word' id='word_1_347' title='bbox 2832 4666 3114 4739; x_wconf 87' lang='lat' dir='ltr'>Graecis</span> <span class='ocrx_word' id='word_1_348' title='bbox 3151 4664 3508 4765; x_wconf 85' lang='lat' dir='ltr'>seiungam</span> <span class='ocrx_word' id='word_1_349' title='bbox 3535 4727 3556 4758; x_wconf 99' lang='lat'>,</span> 
     </span>
     <span class='ocr_line' id='line_1_35' title="bbox 529 4783 3556 4887; baseline 0.002 -32"><span class='ocrx_word' id='word_1_350' title='bbox 529 4804 954 4880; x_wconf 78' lang='lat' dir='ltr'>quamquam</span> <span class='ocrx_word' id='word_1_351' title='bbox 1018 4783 1153 4882; x_wconf 87' lang='lat' dir='ltr'>ipsi</span> <span class='ocrx_word' id='word_1_352' title='bbox 1199 4786 1486 4861; x_wconf 89' lang='lat' dir='ltr'>medicis</span> <span class='ocrx_word' id='word_1_353' title='bbox 1534 4810 1609 4862; x_wconf 89' lang='lat' dir='ltr'>se</span> <span class='ocrx_word' id='word_1_354' title='bbox 1654 4788 2043 4863; x_wconf 88' lang='lat' dir='ltr'>immiscere</span> <span class='ocrx_word' id='word_1_355' title='bbox 2087 4788 2488 4877; x_wconf 82' lang='lat' dir='ltr'>voluerunt,</span> <span class='ocrx_word' id='word_1_356' title='bbox 2539 4786 2728 4887; x_wconf 90' lang='lat' dir='ltr'>quod</span> <span class='ocrx_word' id='word_1_357' title='bbox 2767 4810 2850 4861; x_wconf 86' lang='lat' dir='ltr'>ex</span> <span class='ocrx_word' id='word_1_358' title='bbox 2903 4785 3028 4875; x_wconf 90' lang='lat' dir='ltr'>iis,</span> <span class='ocrx_word' id='word_1_359' title='bbox 3079 4810 3257 4885; x_wconf 83' lang='lat' dir='ltr'>quae</span> <span class='ocrx_word' id='word_1_360' title='bbox 3307 4786 3556 4887; x_wconf 89' lang='lat' dir='ltr'>princi-</span> 
     </span>
     <span class='ocr_line' id='line_1_36' title="bbox 528 4900 1543 5001; baseline 0.006 -25"><span class='ocrx_word' id='word_1_361' title='bbox 528 4900 645 5001; x_wconf 92' lang='lat' dir='ltr'>pio</span> <span class='ocrx_word' id='word_1_362' title='bbox 689 4901 931 4978; x_wconf 88' lang='lat' dir='ltr'>monui</span> <span class='ocrx_word' id='word_1_363' title='bbox 950 4960 973 4993; x_wconf 91' lang='lat'>,</span> <span class='ocrx_word' id='word_1_364' title='bbox 1024 4904 1209 4981; x_wconf 89' lang='lat' dir='ltr'>ultro</span> <span class='ocrx_word' id='word_1_365' title='bbox 1250 4914 1543 4983; x_wconf 88' lang='lat' dir='ltr'>constat.</span> 
     </span>
    </p>
   </div>
  </div>
 </body>
</html>
