4942 6175
1431 649 1522 715 24
2331 651 2410 715 R.
2477 648 2666 717 VAN
2728 646 3193 715 BONEVAL
3252 648 3575 715 FAURE

1433 862 1542 931 est
1583 854 1810 931 dicere
1847 854 2101 931 debeas
2147 854 2449 931 laborem
2498 860 2710 951 atque
2756 853 3083 929 dolorem.
3182 852 3369 927 Nam
3410 859 3492 927 tu
3538 850 3871 927 valentior
3910 876 3987 929 es
4028 876 4241 952 quam
4286 851 4479 929 illius

1431 975 1942 1051 valentissimus
1959 1033 1980 1064 ‚
2052 973 2344 1051 sanitate
2403 972 2707 1071 corporis
2766 981 2839 1046 et
2888 972 3184 1047 sanitate
3232 970 3485 1045 mentis
3535 980 3605 1045 et
3652 970 3897 1047 robore
3948 972 4361 1047 exercitatae
4402 970 4477 1047 et

1429 1094 1754 1171 scientiae
1818 1094 1889 1169 et
1951 1094 2134 1169 fidei.
2235 1092 2581 1167 Producat
2646 1090 2779 1167 tibi
2830 1092 3028 1167 Deus
3078 1099 3151 1167 et
3198 1091 3409 1166 vitam
3458 1098 3531 1165 et
3590 1090 3771 1165 vitae
3816 1090 4146 1168 fructum.
4246 1091 4473 1169 Nobis

1430 1237 1506 1288 es
1556 1214 1750 1289 vivus
1797 1222 1868 1287 et
1919 1214 2158 1311 vigens
2206 1211 2384 1287 Cato
2433 1210 2701 1300 Maior,
2750 1210 3103 1287 Ciceronis
3152 1210 3309 1287 stilo
3358 1208 3639 1310 dignus.

1521 1450 1694 1524 Tam
1749 1476 1982 1526 rarum
2027 1428 2112 1526 et'
2153 1450 2503 1549 singulare
2551 1459 2657 1525 est
2704 1450 2837 1525 Dei
2883 1449 3297 1525 beneficium
3348 1447 3553 1547 quale
3602 1446 3973 1524 venerabili
4019 1472 4149 1523 van
4192 1448 4471 1549 Hengel

1425 1568 1717 1670 obtigit,
1785 1579 1866 1645 ut
1930 1570 2230 1645 multum
2301 1568 2665 1645 laudemus
2732 1568 3047 1645 fortunas
3094 1568 3371 1643 illorum
3392 1625 3415 1656 ,
3464 1566 3725 1666 quibus
3770 1567 4063 1643 dimidia
4114 1568 4265 1643 eius
4310 1592 4467 1667 pars

1423 1690 1761 1778 evenerit,
1811 1691 2210 1789 praesertim
2255 1714 2479 1789 quum
2524 1691 2667 1765 sint
2715 1690 2843 1764 viri
2888 1689 3127 1788 quales
3166 1710 3285 1763 vos
3328 1688 3495 1761 estis
3543 1686 3653 1761 cll.
3704 1686 4029 1763 Seholten
4078 1694 4151 1762 et
4182 1688 4464 1778 Kaiser,

1419 1798 1497 1885 in
1559 1810 1706 1885 suis
1771 1810 2150 1910 disciplinis
2210 1810 2545 1885 familiam
2603 1810 2935 1885 ducentes
2996 1817 3069 1883 et
3130 1806 3593 1908 principatum
3666 1805 4083 1883 obtinentes.
4202 1807 4273 1882 Ο
4348 1831 4463 1883 vos

1427 1929 1660 2005 felices
1677 1988 1698 2019 ‚
1765 1930 1888 2028 qui
1948 1956 2072 2030 per
2134 1930 2447 2029 quinque
2498 1929 2717 2005 lustra
2765 1927 3183 2003 Professorio
3226 1951 3513 2002 munere
3554 1927 3655 2002 ita
3696 1927 3919 2003 functi
3964 1928 4131 2003 estis
4172 1936 4267 2002 ut
4308 1952 4463 2003 sua·

1423 2045 1779 2121 vissimum
1843 2047 2038 2122 vobis
2099 2048 2191 2121 sit
2246 2047 2456 2122 vitam
2520 2054 2681 2122 ante
2742 2056 2965 2123 actam
3020 2056 3092 2121 et
3146 2054 3457 2145 peractos
3503 2045 3773 2122 labores
3822 2046 4197 2145 respicere!
4276 2046 4465 2121 Mul·

1416 2174 1570 2240 tum
1628 2166 1828 2241 abest
1899 2176 1978 2243 ut
2031 2166 2292 2265 paracti
2356 2167 2626 2243 labores
2678 2190 2795 2243 vos
2842 2166 3211 2267 fregerint,
3264 2175 3345 2241 ut
3388 2175 3625 2265 partae
3676 2165 3935 2267 gloriae
3980 2167 4463 2266 acquiescatis,

1415 2285 1539 2360 sed
1603 2310 1891 2361 manum
1951 2297 2230 2361 strenue
2297 2294 2523 2362 aratro
2588 2287 3033 2363 admoventes
3086 2286 3379 2386 pergitis
3428 2310 3555 2361 suo
3604 2294 3895 2385 uterque
3944 2287 4154 2363 modo
4196 2288 4463 2363 coelum

1414 2411 1488 2479 et
1543 2406 1864 2481 coelestia
1920 2405 2369 2504 contemplari
2431 2415 2504 2481 et
2560 2406 2873 2483 scrutari.
2992 2404 3213 2482 Maeti
3256 2405 3509 2481 virtute
3550 2412 3773 2481 estote
3818 2415 3891 2481 et
3934 2407 4127 2506 quod
4178 2415 4465 2507 uterque

1411 2525 1619 2623 agitis
1667 2527 1909 2601 eadem
1959 2526 2310 2601 alacritate
2360 2528 2691 2625 peragite.

1509 2764 1670 2837 Tibi
1720 2764 1805 2839 ol.
1857 2765 2355 2854 Rauwenhoff‚
2405 2765 2838 2864 gratulamur
2878 2763 3068 2863 quod
3113 2788 3332 2864 quum
3380 2764 3653 2840 dudum
3682 2762 4013 2839 ordinarii
4048 2763 4463 2839 Professoris

1411 2906 1622 2958 onera
1685 2883 2172 2972 sustinuisses,
2247 2908 2433 2959 nunc
2494 2883 2907 2958 Professoris
2968 2883 3296 2959 ordinarii
3362 2884 3691 2960 honorem
3740 2908 4021 2983 quoque
4074 2892 4148 2957 et
4194 2882 4463 2958 fruetus

1410 3002 1708 3103 adeptus
1750 3028 1846 3078 es.
1951 3003 2264 3079 Nimium
2315 3004 2440 3077 diu
2482 3004 2556 3078 id
2604 3004 2792 3103 quod
2840 3004 2971 3077 tibi
3018 3003 3403 3080 debebatur
3445 3012 3519 3079 et
3565 3026 3651 3077 ex
3702 3002 3877 3103 legis
3928 3003 4348 3106 praescripto
4392 3010 4465 3077 et

1411 3149 1497 3200 ex
1557 3124 1822 3200 meritis
1880 3124 2022 3199 tuis
2075 3124 2313 3223 inique
2358 3124 2493 3200 tibi
2534 3124 2942 3224 negabatur.
3045 3125 3131 3200 Iu
3188 3135 3256 3201 te
3311 3123 3612 3198 vidimus
3668 3123 4063 3222 exemplum
4112 3147 4337 3200 unum
4376 3149 4461 3198 ex

1409 3241 1802 3320 novissimis
1859 3243 2048 3318 illius
2110 3243 2372 3319 abusus
2391 3303 2413 3333 ‚
2484 3268 2692 3343 quem
2758 3246 2967 3345 paulo
3020 3253 3183 3321 ante
3229 3245 3557 3320 notabam
3576 3299 3597 3332 ,
3664 3252 3903 3320 eontra
3956 3243 4287 3319 disertam
4332 3244 4460 3318 Le-

1409 3363 1754 3464 gislatoris
1803 3364 2225 3441 voluntatem
2267 3363 2693 3440 Professores
2734 3375 2929 3440 extra
2973 3365 3283 3440 ordinem
3320 3389 3445 3464 pro
3480 3361 3843 3439 ordinariis
3882 3362 4183 3438 creandi.
4284 3365 4458 3439 Gra·

1410 3485 1712 3558 tulantes
1781 3484 1998 3584 igitur
2055 3484 2185 3557 tibi
2235 3507 2320 3558 eo
2366 3507 2600 3560 amore
2622 3542 2641 3572 ‚
2706 3508 2847 3583 quo
2896 3491 2967 3558 te
3019 3485 3540 3583 prosequimur,
3592 3483 3801 3558 simul
3852 3483 4288 3583 gratulamur
4328 3481 4455 3571 iis,

1408 3628 1707 3703 quorum
1755 3612 1862 3678 est
1917 3603 2161 3678 harum
2209 3627 2437 3678 rerum
2488 3611 2793 3701 potestas
2814 3659 2834 3692 ‚
2894 3604 3085 3702 quod
3129 3605 3229 3678 rei
3268 3603 3567 3680 iniustae
3610 3611 3681 3678 et
3731 3603 4013 3701 iniquae
4060 3603 4453 3702 imposuere

1409 3722 1620 3796 finem
1639 3779 1662 3810 ‚
1731 3745 1894 3795 nam
1965 3720 2116 3794 iure
2177 3727 2464 3799 naturae
2528 3743 2827 3820 aequum
2893 3729 3001 3796 est
3060 3722 3407 3797 neminem
3427 3781 3448 3812 ‚
3516 3722 3776 3798 nedum
3840 3721 4177 3800 aerarium
4200 3779 4221 3812 ,
4288 3745 4447 3798 cum

1409 3840 1692 3916 alterius
1742 3840 2156 3916 detrimento
2203 3848 2276 3916 et
2323 3839 2575 3916 iniuria
2624 3841 3139 3942 locupletiorem
3186 3842 3357 3918 fieri.

1507 4077 2024 4154 Lubentissime
2091 4087 2164 4156 te
2223 4080 2310 4156 cl.
2369 4082 2563 4156 Kern
2585 4139 2607 4169 ‚
2668 4082 2739 4156 in
2794 4091 3111 4157 nostrum
3163 4107 3532 4159 numerum
3582 4081 3969 4181 recepimus
3982 4139 4005 4170 ,
4054 4081 4319 4181 duplici
4366 4082 4453 4156 de

1409 4224 1640 4278 causa.
1737 4198 2054 4274 Primum
2101 4213 2172 4276 te
2223 4207 2454 4276 creato
2502 4200 2901 4300 suppletum
2957 4210 3065 4277 est
3110 4202 3393 4278 tandem
3430 4202 3507 4276 id
3545 4202 3736 4301 quod
3773 4201 4171 4301 peritissimi
4202 4202 4450 4278 harum

1407 4343 1638 4396 rerum
1708 4317 1977 4394 iudices
2047 4319 2467 4396 Academiae
2537 4329 2811 4397 nostrae
2884 4323 3134 4398 deesse·
3197 4321 3545 4398 dolebant.
3664 4322 3736 4397 N
3740 4345 3875 4398 unc
3946 4320 4253 4421 denique
4324 4343 4453 4396 sua

1405 4438 1722 4536 Linguae
1785 4437 2172 4514 Sauscritae
2233 4438 2559 4515 cathedra
2628 4437 3005 4516 constituta
3064 4448 3191 4515 est.
3291 4439 3387 4514 Et
3438 4441 3529 4516 ad
3580 4441 3757 4518 hanc
3804 4465 3947 4517 rem
4001 4451 4083 4517 tu
4128 4450 4255 4516 tuo
4302 4442 4451 4516 iure

1408 4557 1722 4633 omnium
1779 4558 2046 4657 primus
2105 4583 2256 4635 eras
2311 4560 2693 4648 vocandus,
2744 4567 2825 4634 tu
2874 4558 2999 4660 qui
3044 4559 3181 4634 iam
3232 4567 3393 4636 ante
3440 4559 3515 4636 in
3564 4561 3700 4638 illis
3746 4561 3997 4637 studiis
4036 4559 4224 4636 fama
4274 4561 4447 4636 cele·

1409 4678 1687 4767 bratus,
1763 4677 2016 4754 deinde
2083 4678 2156 4753 in
2215 4679 2366 4779 ipsa
2430 4679 2637 4754 India
2698 4703 2787 4754 ex
2848 4678 3138 4779 limpido
3201 4678 3393 4756 fonte
3446 4682 3759 4782 copiosos
3814 4680 4049 4756 latices
4110 4679 4407 4756 hausisti
4424 4736 4448 4770 ‚

1403 4796 1664 4900 quibus
1725 4821 1886 4872 arva
1949 4796 2174 4897 patria
2239 4799 2545 4875 sitientia
2606 4798 2945 4899 irrigabis.
3048 4799 3427 4876 Conservet
3484 4825 3649 4902 erga
3694 4807 3764 4876 te
3816 4823 4089 4900 semper
4138 4800 4449 4876 studiosa
