4942 6175
1346 641 1479 708 320
2371 640 2421 706 1.
2495 639 2545 708 1.
2615 637 3380 704 conusmsssu

1347 827 1519 902 ticas
1566 835 1639 900 et
1682 823 1951 898 criticas
1970 881 1991 912 ,
2038 845 2385 921 nusquam
2442 845 2580 897 non
2630 822 2868 898 obvias
2886 881 2906 912 ,
2959 821 3336 922 plurimum
3387 821 3610 896 valere
3653 821 3746 898 ad
3789 822 4164 898 iuvenilem
4203 847 4396 905 mene

1347 955 1493 1020 tem
1552 943 2023 1022 exercendam.
2124 941 2740 1018 Persuasissimum
2789 942 2962 1016 mihi
3017 951 3125 1016 est
3142 999 3162 1029 ,
3213 940 3646 1039 antiquitatis
3697 941 4012 1016 studium
4058 941 4393 1040 proficisci

1350 1063 1602 1138 debere
1649 1087 1691 1137 a
1745 1061 2023 1161 linguae
2066 1060 2579 1137 accuratissima
2621 1061 2868 1136 notitia
2884 1119 2903 1149 ,
2953 1085 2998 1134 a
3049 1061 3457 1160 scriptorum
3510 1059 4039 1160 diligentissima
4083 1061 4390 1138 lectione.

1347 1183 1433 1256 In
1510 1181 1617 1255 his
1680 1181 2122 1280 antiquarum
2191 1205 2421 1255 rerum
2495 1181 2780 1254 notitiae
2846 1180 3106 1255 fontem
3171 1189 3246 1254 et
3309 1187 3522 1277 caput
3563 1203 3714 1254 esse
3765 1203 4102 1278 agnosco,
4169 1180 4270 1256 ita
4313 1189 4397 1256 ut

1350 1300 1702 1376 vaticinari
1765 1309 1975 1398 atque
2042 1299 2343 1374 insanire
2411 1300 2581 1374 mihi
2638 1299 3041 1386 videantur,
3093 1299 3216 1397 qui
3263 1298 3338 1373 id
3383 1311 3642 1397 agunt,
3697 1309 3776 1374 ut
3827 1311 4134 1374 mentem
4185 1301 4392 1400 scrip·

1353 1421 1518 1496 toris
1566 1430 2059 1519 assequantur,
2112 1429 2485 1518 antequam
2539 1419 2744 1494 verba
2793 1419 3201 1518 intelligant.

1450 1540 1589 1616 Sed
1639 1541 1883 1617 vitium
1934 1551 2041 1614 est
2090 1539 2393 1639 ubique,
2464 1538 2655 1637 quod
2709 1537 3000 1612 nimium
3051 1547 3178 1612 est.
3279 1537 3492 1615 Quod
3539 1538 3811 1611 nonnisi
3857 1539 4392 1613 instrumentum

1352 1671 1497 1749 est,
1574 1660 1703 1734 hoc
1774 1659 2061 1734 minime
2125 1683 2249 1758 pro
2322 1667 2631 1732 extremo
2690 1659 2830 1730 fine
2893 1656 3128 1732 haberi
3192 1655 3441 1743 debet,
3491 1655 3582 1730 ad
3631 1682 3836 1754 quem
3885 1657 4120 1732 studia
4169 1668 4394 1733 nostra

1355 1779 1667 1854 tendant.
1770 1777 1968 1852 Eam·
1999 1787 2259 1851 veteres
2308 1777 2672 1874 scriptores
2717 1775 3056 1850 tractandi
3099 1775 3432 1850 rationem
3455 1832 3476 1864 ,
3525 1799 3704 1873 quae
3743 1785 3958 1850 totam
4013 1801 4088 1850 se
4125 1777 4390 1852 immer-

1352 1899 1460 1999 git
1506 1896 1729 1972 verbis
1777 1903 1849 1971 et
1896 1896 2135 1971 formis
2186 1895 2512 1971 orationis
2532 1953 2553 1984 ,
2604 1894 2690 1969 iis
2736 1894 3262 1993 relinquendam
3307 1918 3592 1984 censeo,
3643 1895 3766 1993 qui
3814 1895 3886 1969 in
3935 1894 4149 1970 literis
4200 1897 4390 1994 quasi

1352 2016 1874 2094 tabernaculum
1942 2015 2121 2090 vitae
2192 2024 2594 2114 posuerunt.
2715 2015 2943 2090 Maior
3013 2015 3477 2090 studiosorum
3542 2040 3702 2114 pars
3767 2015 3902 2090 alia
3955 2016 4387 2115 concupiscit.

1350 2135 1799 2212 Rudimentis
1886 2135 2215 2234 depositis
2279 2135 2524 2208 horum
2589 2135 2803 2210 animi
2873 2135 2962 2210 ad
3025 2135 3431 2234 scriptorum
3478 2135 3668 2209 nuda
3716 2135 3920 2211 verba
3961 2136 4392 2212 convertendi

1356 2265 1560 2343 sunt,
1612 2280 1831 2354 eaque
1874 2264 2151 2330 tantum
2196 2255 2778 2353 interpretationis
2823 2280 3030 2330 causa
3071 2255 3156 2329 iis
3195 2254 3576 2342 afferenda,
3628 2279 3808 2353 quae
3847 2279 3934 2330 ex
3968 2257 4140 2353 ipsis
4181 2256 4390 2331 verbis

1354 2373 1735 2449 necessario
1781 2384 2189 2473 sequuntur.
2292 2373 2526 2447 Multa
2577 2375 2762 2448 enim
2809 2375 3064 2449 cursim
3113 2374 3408 2473 legendo
3448 2374 3881 2472 antiquitatis
3919 2375 4152 2474 imago
4193 2400 4392 2474 quam

1354 2493 1853 2592 perfectissima
1920 2504 1992 2568 et
2060 2493 2573 2568 absolutissima
2635 2495 2712 2567 in
2791 2489 3172 2568 iuventutis
3227 2504 3600 2591 conspectu
3650 2493 3968 2592 ponenda
4011 2503 4140 2568 est.
4241 2498 4393 2573 Quo

1356 2614 1555 2712 plura
1619 2613 1902 2711 legunt,
1970 2637 2052 2687 eo
2120 2612 2368 2687 melius
2428 2621 2574 2686 tota
2619 2621 2851 2688 mente
2904 2614 3128 2712 prisca
3178 2624 3486 2711 tempora
3522 2623 3828 2711 repetere
3873 2613 4286 2712 penitusque
4325 2614 4392 2688 in

1325 2757 1595 2837 ⁴eorum
1646 2732 2005 2830 ingenium
2056 2757 2131 2808 se
2180 2733 2530 2808 insinuare
2579 2744 2922 2832 poterunt.
3037 2734 3268 2809 Multa
3319 2734 3650 2833 legendo,
3702 2733 4177 2822 difficultates,
4227 2757 4394 2833 quae

1362 2861 1504 2926 tam
1546 2853 1618 2926 in
1660 2852 2005 2940 oratione,
2044 2876 2253 2950 quam
2295 2851 2367 2925 in
2412 2863 2824 2950 argumento
2859 2877 3012 2927 sese
3039 2851 3376 2940 offerunt,
3415 2852 3684 2928 facilius
3710 2877 3912 2952 saepe
3937 2854 4393 2953 superabunt,

1362 2995 1569 3071 quam
1596 2970 2048 3047 subtilissimo
2072 2973 2564 3072 grammaticae
2593 2973 2826 3048 studio
2845 3032 2866 3062 ,
2903 2974 3010 3048 vel
3036 2972 3504 3071 copiosissima
3527 2974 4111 3071 interpretatione.
4177 2973 4396 3048 Multa

1367 3092 1660 3191 legendo
1701 3093 2000 3192 denique
2035 3118 2119 3169 ea
2157 3094 2592 3191 antiquitatis
2629 3094 2874 3167 notitia
2916 3093 3272 3192 discipulis
3305 3103 3780 3193 praeparatur,
3822 3118 4000 3192 quae
4045 3094 4116 3167 in
4158 3094 4393 3191 sempi-

1362 3220 1560 3286 terna
1601 3238 1838 3287 eorum
1867 3214 2295 3310 possessione
2326 3224 2724 3311 permaneat
2751 3223 2822 3287 et
2848 3214 2945 3317 sic
2975 3237 3106 3286 non
3139 3213 3438 3311 amplius
3457 3270 3475 3301 ,
3511 3214 3792 3311 opinor,
3823 3212 4200 3311 periculum
4233 3212 4392 3299 erit,

1363 3356 1486 3418 ne,
1538 3331 1724 3427 quod
1771 3356 1958 3405 nunc
1997 3331 2185 3405 haud
2224 3356 2375 3405 raro
2414 3332 2562 3405 fieri
2599 3332 2808 3418 solet,
2859 3332 3242 3406 scholarum
3287 3344 3595 3431 tempore
3635 3342 3876 3406 exacto
3909 3340 4162 3405 veteres
4191 3330 4394 3429 scrip·

1366 3462 1545 3524 tores
1617 3450 1687 3524 in
1745 3448 2078 3548 angulum
2134 3450 2476 3557 abiiciunt⁶
2519 3450 2621 3524 vel
2665 3450 2756 3526 ad
2805 3450 3212 3526 scrutarium
3263 3450 3628 3555 afferant„
3661 3450 3783 3525 sed
3834 3450 4292 3525 familiaritate
4334 3460 4399 3523 et

1364 3569 1644 3643 caritate
1694 3568 2035 3667 complexi
2083 3592 2207 3667 per
2263 3578 2480 3644 totam
2535 3569 2744 3644 vitam
2807 3569 3092 3644 comites
3142 3596 3260 3646 eos
3307 3570 3661 3668 sociosque
3714 3570 4091 3646 habebunt.

1464 3832 1829 3909 Quantum
1876 3838 2109 3903 autem
2160 3830 2385 3904 valeat
2432 3829 2867 3928 antiquitatis
2923 3830 3230 3905 studium
3255 3890 3274 3918 ,
3326 3831 3706 3907 dummodo
3733 3807 3936 3907 ⁸recte
3986 3831 4408 3930 intelligatur

1369 3957 1440 4023 et
1479 3959 1912 4036 exerceatur,
1962 3948 2326 4023 Britannia
2373 3948 2617 4023 docere
2663 3973 2790 4023 nos
2833 3958 3079 4047 potest.
3152 3948 3644 4024 Britannorum
3687 3950 3987 4049 populus
4027 3948 4210 4023 enim
4233 4006 4254 4035 ,
4281 3948 4406 4021 etsi

1372 4068 1575 4165 longe
1640 4066 1839 4139 abest
1902 4092 1945 4141 a
2009 4066 2461 4141 subtilissima
2512 4066 2900 4141 eruditione
2951 4077 3020 4140 et
3075 4068 3415 4165 stupenda
3465 4068 3810 4157 doctrina,
3862 4093 4038 4167 quae
4093 4092 4295 4166 saepe
4343 4072 4410 4141 et

1372 4186 1535 4261 alibi
1590 4196 1661 4261 et
1712 4185 1900 4283 apud
1946 4208 2072 4259 nos
2122 4195 2532 4274 occurrunt,
2584 4186 3077 4261 Britannorum
3123 4196 3354 4261 tamen
3405 4188 3703 4287 populus
3728 4188 3833 4261 vel
3865 4186 4164 4263 maxime
4201 4187 4410 4285 spirat

1373 4304 1879 4403 antiquitatem.
1982 4304 2095 4378 lbi
2138 4306 2261 4378 viri
2306 4306 2606 4405 egregii,
2660 4306 2781 4404 qui
2822 4306 3106 4380 consilio
3143 4316 3220 4386 et.
3251 4308 3588 4405 sapientia
3632 4307 4124 4407 rempublicam
4161 4314 4410 4404 regunt

1378 4436 1451 4497 et
1509 4424 1944 4523 gubernant,
2034 4424 2219 4523 quod
2294 4449 2336 4499 a
2403 4425 2656 4499 forensi
2723 4424 2954 4499 labore
3029 4426 3152 4498 otii
3215 4426 3457 4515 datur,
3531 4427 3607 4501 id
3682 4438 3908 4502 totum
3983 4425 4412 4523 antiquitatis
4525 4498 4534 4513 ,

1383 4544 1616 4617 studio
1663 4543 2098 4643 impendunt.
2196 4544 2311 4617 Ibi
2359 4545 2431 4617 in
2483 4543 2909 4619 orationibus
2953 4546 3023 4618 in
3069 4545 3280 4620 Curia
3323 4545 3576 4620 habitis
3601 4548 3942 4645 praeclara
3969 4546 4412 4644 antiquorum
4449 4616 4462 4625 .

1386 4663 1569 4737 dicta
1640 4672 1709 4736 et
1780 4658 2157 4738 sententiae
2220 4673 2577 4762 tamquam
2649 4665 2800 4738 auri
2865 4664 3079 4738 micae
3143 4664 3416 4764 fulgent
3467 4676 3539 4740 et
3585 4666 3971 4765 splendent.
4073 4664 4188 4739 lbi
4237 4662 4409 4739 anti-

1388 4779 1672 4879 quitatis
1744 4782 2047 4857 medulla
2102 4782 2173 4856 in
2241 4782 2848 4880 praestantissimis
2909 4783 3256 4859 literarum
3311 4786 3779 4861 monumentis
3830 4782 4128 4859 discerni
4179 4792 4252 4857 et
4296 4783 4411 4858 de·
