4942 6175
1317 666 1420 737 ‚10
2197 666 2272 731 R.
2339 663 2533 731 VAN
2598 662 3059 731 BONEVAL
3114 662 3441 728 FAURE

1337 870 1672 949 libertatis
1719 871 1902 946 bona
1943 871 2366 947 extollebant
2411 882 2481 945 et
2524 870 2785 969 regiam
2830 877 3245 969 potestatem
3295 868 3507 943 veluti
3557 874 3971 966 potestatem
4024 868 4379 966 quandam

1335 991 1626 1089 patriam
1678 1016 1817 1089 qua
1859 996 2010 1066 tum
2056 991 2370 1065 homines
2413 989 2577 1065 laeti
2624 988 3053 1065 fruebantur.
3156 988 3406 1085 Neque
3456 994 3687 1063 tamen
3747 986 3959 1065 huius
4008 987 4252 1063 erroris
4298 988 4369 1065 in

1331 1110 1510 1185 Kem
1517 1110 1664 1207 peri
1703 1111 2008 1185 oratione
2059 1110 2278 1183 ullum
2329 1108 2699 1208 vestigium
2752 1119 2877 1183 est.
3687 1188 3693 1193 ,

1428 1228 1808 1304 Habebant
1867 1237 2102 1304 autem
2160 1229 2278 1303 illa
2331 1237 2645 1328 tempora
2692 1229 2903 1303 etiam
2962 1228 3093 1302 hoc
3116 1284 3137 1317 ,
3202 1236 3283 1302 ut
3331 1226 3671 1301 libertatis
3712 1250 3905 1301 amor
3957 1234 4151 1301 ortus
4203 1235 4386 1301 esset

1329 1347 1768 1447 potissimum
1815 1372 1901 1423 ex
1948 1347 2118 1446 ipsis
2164 1348 2515 1423 servitutis
2570 1349 2769 1425 malis
2822 1362 2893 1423 et
2934 1346 3285 1425 aerumnis
3310 1404 3331 1435 ,
3382 1346 3505 1420 sed
3550 1346 3904 1421 accederet
3951 1346 4379 1443 superiorum

1329 1480 1721 1566 temporum
1784 1468 2165 1543 recordatio
2185 1525 2205 1556 ‚
2273 1468 2459 1543 unde
2507 1468 2845 1544 libertatis
2892 1468 2952 1543 si
3000 1490 3137 1543 non
3182 1474 3415 1541 metus
3463 1464 3747 1563 quidam
3794 1476 3866 1541 et
3904 1465 4203 1541 formido
4258 1464 4381 1539 sed

1323 1612 1491 1663 cura
1563 1598 1748 1663 certe
1820 1588 2158 1686 quaedam
2229 1598 2300 1663 et
2365 1589 2756 1663 sollicitudo
2812 1589 3106 1663 oriretur
3124 1644 3145 1675 ‚
3196 1610 3285 1660 ne
3337 1585 3621 1661 libertas
3662 1584 3947 1661 modum
3999 1585 4380 1660 excederet.

1327 1708 1572 1784 Quum
1629 1706 1818 1806 apud
1878 1732 2119 1781 omnes
2179 1717 2525 1782 constaret
2592 1732 2817 1782 veram
2884 1707 3271 1782 libertatem
3332 1705 3573 1806 populi
3634 1706 3781 1780 sine
3836 1706 3977 1781 otio
4028 1715 4099 1783 et
4148 1708 4381 1805 quiete

1329 1824 1605 1924 publica
1669 1826 2040 1901 consistere
2104 1850 2242 1901 non
2308 1851 2509 1925 posse
2528 1885 2553 1915 ‚
2624 1827 2991 1927 diligentes
3052 1827 3349 1901 nimium
3410 1833 3484 1900 et
3552 1825 3743 1901 anxii
3808 1825 3934 1901 otii
4004 1835 4077 1899 et
4126 1825 4381 1925 quietis

1323 1944 1626 2019 tuendae
1677 1969 1886 2021 causa
1947 1945 2210 2044 aliquid
2273 1946 2360 2021 de
2425 1947 2743 2023 libertate
2811 1945 3287 2021 detrahebant.
3392 1944 3507 2019 Sic
3559 1969 3839 2044 quoque
3901 1944 4197 2021 docendi
4238 1944 4377 2021 dis·

1321 2064 1663 2162 cendique
1713 2064 1992 2141 libertas
2039 2065 2298 2139 finibus
2348 2066 2772 2164 quibusdam
2820 2066 3335 2165 circumscripta
3392 2064 3693 2139 habebat
3746 2066 4056 2141 modum.
4158 2066 4377 2140 Estne

1319 2184 1418 2257 sic
1459 2184 1836 2259 imminuta
1877 2196 1950 2259 et
1999 2186 2235 2259 laesa?
2318 2186 2502 2259 Fieri
2544 2194 2815 2285 potest;
2868 2184 2987 2260 sed
3034 2210 3175 2261 non
3223 2184 3497 2259 videtur
3534 2184 3778 2259 cadere
3825 2184 3895 2257 in
3946 2184 4373 2283 Kemperum

1319 2314 1400 2376 ιιι
1451 2304 1840 2379 libertatem
1887 2304 2146 2380 diceret
2186 2329 2365 2402 quae
2413 2314 2597 2381 esset
2634 2306 2925 2381 vinculis
2964 2305 3334 2381 constricta
3376 2311 3447 2377 et
3492 2304 3581 2379 ad
3628 2312 3971 2379 certorum
4010 2302 4372 2379 bominum

1315 2420 1675 2495 arbitrium
1723 2421 2264 2497 accommodata.

1409 2540 2039 2621 Quemadmodum·
2074 2540 2175 2613 illi
2219 2540 2343 2638 qui
2391 2542 2699 2639 aliquam
2746 2564 2891 2617 rem
2941 2540 3239 2638 probant
3292 2551 3363 2617 et
3415 2540 3854 2617 admirantur
3876 2600 3897 2631 ,
3958 2566 4179 2641 quum
4227 2551 4373 2619 toto

1310 2661 1542 2733 animo
1603 2660 1794 2735 illam
1853 2667 2125 2760 partem
2186 2660 2549 2737 intuentur
2599 2684 2777 2759 quae
2824 2660 3081 2749 niteat,
3147 2660 3223 2733 id
3274 2660 3465 2758 quod
3508 2659 3707 2735 illum
3758 2662 4195 2761 splendorem
4244 2664 4369 2739 ob-

1308 2788 1537 2853 scuret
1600 2779 1914 2879 specioso
1977 2780 2256 2855 nomine
2323 2779 2545 2855 celare
2600 2788 2940 2857 conantur
2960 2838 2981 2869 ,
3052 2779 3149 2855 sic
3196 2778 3471 2853 illorum
3518 2779 3891 2857 adversarii
3934 2788 4173 2857 contra
4220 2806 4368 2857 ma-

1303 2899 1479 2973 culis
1544 2899 1964 2999 quibusdam
2035 2900 2281 2974 offensi
2345 2911 2418 2975 et
2477 2900 2577 2975 sic
2634 2900 2820 2975 bona
2866 2924 3003 2976 non
3066 2900 3382 2975 videntes
3432 2898 3563 2973 toti
3611 2899 3711 2974 rei
3760 2924 4015 2975 nomen
4074 2900 4367 2979 invidio-

1308 3044 1463 3094 sum
1510 3020 1902 3120 imponunt.
2004 3020 2120 3096 Sic
2161 3021 2378 3120 igitur
2411 3020 2583 3096 mihi
2616 3021 2936 3096 videntur
2964 3019 3453 3097 Academicam
3484 3018 3993 3098 institutionem
4022 3022 4366 3121 appellare

1309 3138 1608 3215 vinctam
1677 3149 1748 3214 et
1807 3141 1898 3216 ad
1959 3149 2306 3216 certorum
2372 3141 2737 3216 hominum
2802 3140 3166 3216 arbitrium
3226 3139 3817 3216 accommodatam
3881 3141 3983 3216 illi
4050 3141 4367 3218 homines

1309 3259 1432 3356 qui
1477 3283 1614 3333 non
1661 3267 2030 3350 metuunt,
2080 3269 2202 3336 aut
2251 3261 2458 3335 etiam
2526 3260 2719 3336 taciti
2762 3261 3013 3336 animis
3053 3267 3423 3359 exoptant,
3475 3268 3556 3335 ut
3600 3283 3687 3336 ex
3730 3260 4003 3336 infinita
4046 3260 4361 3338 libertate

1208 3445 1217 3452 .
1306 3378 1790 3477 exstinguatur
1861 3380 1967 3456 vel
2033 3381 2328 3457 intereat
2391 3381 2617 3457 omnis
2680 3381 3095 3456 Academica
3150 3378 3499 3454 institutio
3548 3405 3729 3478 quae
3776 3381 4059 3479 quidem
4110 3381 4201 3456 sit
4242 3381 4361 3456 illo

1305 3499 1584 3572 nomine
1657 3499 1906 3598 digna,
1980 3508 2052 3574 et
2121 3525 2302 3598 quae
2321 3559 2342 3590 ,
2409 3500 2659 3576 laxatis
2735 3500 3061 3576 omnibus
3125 3497 3415 3574 vinculis
3434 3555 3455 3586 ,
3530 3499 3961 3598 permitteret
4030 3500 4359 3576 omnibns

1305 3619 1706 3694 effrenatam
1769 3619 1958 3696 illam
2029 3619 2416 3696 libertatem
2437 3679 2458 3709 ,
2530 3630 2611 3696 ut
2669 3645 2879 3719 quam
2939 3620 3230 3694 minimo
3294 3618 3525 3694 labore
3578 3627 3651 3694 et
3698 3619 3978 3719 negotio
4024 3627 4097 3696 et
4146 3645 4358 3720 quam

1305 3739 1730 3812 tenuissimis
1784 3738 2034 3814 studiis
2085 3750 2412 3839 caperent
2464 3741 2617 3815 illos
2673 3741 2939 3816 fructus
2959 3798 2979 3828 ‚
3030 3764 3207 3838 quos
3254 3737 3399 3814 sola
3448 3737 3680 3812 studia
3731 3745 3915 3814 reete
3962 3745 4037 3816 et
4084 3740 4353 3838 sapien-

1309 3871 1413 3933 ter
1463 3858 1788 3932 instituta
1838 3859 2342 3958 diligenterque
2399 3871 2675 3960 peracta
2724 3860 2967 3936 afferre
3018 3857 3403 3935 cultoribus
3446 3855 3799 3934 deberent.

1405 3979 1566 4051 Non
1631 3984 1797 4051 sunt
1857 4001 2022 4077 ergo
2075 3978 2308 4052 inania
2369 3981 2967 4058 declamitantium
3030 3979 3275 4067 verba,
3343 3977 3402 4052 si
3448 3977 3573 4074 qui
3616 3975 4001 4052 libertatem
4055 3977 4351 4052 docendi

1305 4097 1754 4195 discendique
1823 4097 2098 4171 decreto
2163 4097 2388 4196 Regio
2455 4101 2622 4173 anni
2675 4103 2861 4172 1815
2906 4100 3269 4175 fundatam
3316 4119 3467 4170 esse
3516 4096 3935 4194 praedicant.
4033 4095 4349 4195 Utraque

1301 4240 1460 4314 pars
1528 4214 1782 4288 diserte
1847 4238 1930 4288 eo
2001 4215 2276 4288 decreto
2342 4215 2649 4292 stabilita
2708 4226 2855 4306 est;
2922 4217 3045 4291 sed
3107 4217 3205 4290 ita
3264 4213 3569 4290 stabilita
3633 4226 3712 4292 ut
3766 4215 4043 4315 utrique
4096 4217 4347 4291 modus

1300 4335 1586 4433 quidam
1649 4343 1986 4434 ponatur-3
2053 4333 2180 4406 sed
2225 4335 2531 4410 multum
2586 4359 2699 4409 me
2747 4335 2978 4410 iudice
3022 4335 3300 4410 fallatur
3342 4335 3444 4422 is,
3508 4334 3624 4410 cui
3661 4344 3787 4410 aut
3840 4359 4343 4435 supervacuum

1300 4466 1423 4530 aut
1471 4455 1754 4529 noxium
1803 4479 1956 4530 esse
2007 4453 2324 4528 videatur
2373 4454 2444 4529 in
2492 4456 2615 4530 tali
2658 4481 2733 4530 re
2788 4455 3074 4530 modum
3124 4477 3379 4554 ponere
3424 4477 3636 4552 quem
3688 4478 3894 4530 nemo
3942 4455 4253 4530 excedat.

1395 4575 1636 4650 Donec
1707 4597 1873 4650 cura
1934 4573 2390 4650 Academicae
2452 4574 2919 4650 institutionis
2982 4576 3113 4650 erit
3176 4599 3341 4650 cura
3396 4574 3713 4672 publica,
3782 4575 4121 4673 quamdiu
4168 4575 4343 4650 Uni-

1301 4693 1655 4770 versitates
1697 4693 1972 4792 publice
2021 4701 2094 4768 et
2139 4719 2226 4770 ex
2281 4695 2541 4770 aerario
2594 4696 3103 4794 constituentur
3145 4703 3217 4769 et
3262 4694 3568 4783 alentur,
3618 4693 3889 4769 tamdiu
3934 4693 4341 4793 primarium

1297 4813 1427 4886 erit
1489 4812 2036 4888 Universitatum
2093 4812 2398 4890 officium
2446 4822 2529 4888 ut
2578 4837 2661 4888 ex
2718 4813 2803 4888 iis
2850 4812 3187 4910 prodeant
3236 4811 3364 4886 viri
3408 4811 3498 4886 ad
3546 4809 4047 4910 rempublicam
4095 4833 4337 4909 geren-
