4942 6175
1434 700 1563 767 104
2594 699 2647 765 1.
2740 696 3334 765 A.FR151N

1531 1150 1624 1223 Et
1689 1148 1796 1221 his
1859 1156 2091 1221 tamen
2153 1141 2468 1242 legibus,
2534 1142 2725 1219 haud
2772 1166 2911 1219 uno
2960 1144 3239 1218 nomine
3283 1140 3545 1217 vitiosis
3594 1147 3668 1217 et
3710 1140 4169 1243 imperfectis,
4218 1142 4317 1218 its
4370 1144 4486 1219 usi

1431 1290 1676 1345 sumus
1747 1266 2014 1353 adhuc,
2093 1271 2171 1339 ut
2242 1262 2543 1338 multum
2606 1263 2949 1364 profuisse
3016 1262 3399 1339 videantur.
3504 1260 3907 1338 Habuimus
3974 1262 4161 1339 enim
4216 1262 4480 1339 iudices
4628 1340 4645 1365 ς

1429 1398 1500 1465 et
1566 1388 1976 1486 interpretes
2043 1384 2298 1484 peritos
2318 1441 2339 1470 ,
2406 1384 2786 1482 prudentes
2805 1442 2826 1474 ,
2890 1392 3131 1459 cautos
3154 1442 3175 1473 ‚
3236 1366 3720 1459 consideratos.
3822 1382 4063 1458 Potest
4100 1408 4267 1459 sane
4315 1406 4477 1484 pru-

1429 1510 1600 1584 dens
1670 1504 2145 1605 interpretatio
2229 1502 2450 1578 mults
2528 1502 2763 1603 legum
2830 1503 3002 1580 vitia
3074 1502 3428 1603 mitigare,
3508 1502 3722 1601 idque
3800 1510 4039 1578 nostra
4112 1503 4185 1577 in
4261 1503 4479 1604 patria

1432 1653 1672 1705 revera
1720 1626 1966 1701 fecisse
2015 1623 2308 1699 dicende
2355 1632 2481 1699 est.
4056 1620 4063 1629 ’

1525 1748 1788 1825 Verum
1844 1769 1932 1820 ne
1981 1744 2277 1820 nimium
2325 1744 2414 1819 ab
2455 1743 2827 1845 interprete
2878 1744 3267 1844 speremus!
3344 1743 3585 1817 Potest
3625 1740 3741 1816 ille
3792 1766 3879 1816 ex
3918 1742 4172 1842 scripto
4214 1741 4480 1842 aliquid

1432 1867 1752 1967 supplere
1805 1864 1993 1964 quod
2057 1888 2194 1939 non
2252 1863 2586 1962 scriptum
2652 1864 2780 1953 sit3
2850 1872 3123 1964 potest,
3174 1864 3235 1939 si
3278 1863 3575 1939 alterum
3628 1868 4075 1964 praeceptum
4122 1885 4265 1938 non
4320 1885 4477 1938 con·

1435 1990 1660 2063 veniat
1711 1986 1908 2061 alteri
1927 2042 1948 2073 ‚
2017 2008 2155 2059 non
2201 1982 2436 2058 tollere
2489 1984 2773 2083 quidem
2812 2008 2967 2060 eam
3020 1982 3555 2085 repugnantiam
3578 2040 3599 2071 ,
3652 1982 3776 2057 sed
3824 1991 4057 2059 tamen
4102 1982 4475 2058 incommo-

1431 2109 1602 2184 dum
1623 2166 1642 2197 ,
1709 2104 1900 2205 quod
1963 2130 2050 2179 ex
2117 2128 2198 2179 ea
2259 2104 2447 2179 nasei
2517 2104 2831 2181 videatur
2851 2163 2872 2195 ,
2937 2106 3171 2205 aliquo
3222 2105 3429 2179 modo
3482 2102 3715 2179 lenire.
3813 2104 3913 2179 At
3952 2102 4206 2178 malam
4258 2102 4477 2203 legem

1431 2232 1678 2304 bonam
1749 2226 1968 2301 facere
2041 2248 2176 2298 non
2248 2230 2497 2324 potest.
2604 2224 2747 2301 Ubi
2812 2225 2901 2300 de
2968 2226 3138 2325 legis
3192 2223 3534 2300 sententia
3578 2231 3851 2298 constat
3871 2281 3892 2312 ‚
3952 2221 4327 2297 adstrictus
4376 2228 4477 2297 est

1427 2348 1566 2447 legi
1629 2348 2002 2445 interpres,
2077 2344 2394 2443 quamvis
2463 2368 2670 2443 prave
2730 2354 2801 2419 et
2866 2344 3109 2444 iniqua
3175 2345 3241 2421 ei
3310 2345 3640 2419 videatur.
3764 2342 3921 2418 Scio
3988 2342 4275 2441 quidem
4341 2364 4477 2416 non

1431 2490 1706 2565 semper
1751 2465 1878 2539 hoc
1923 2452 2112 2563 apud
2161 2486 2286 2537 nos
2331 2460 2699 2539 observari.
2802 2461 2941 2537 His
2982 2462 3311 2562 proximis
3354 2464 3655 2539 maxime
3690 2464 3893 2539 annis
3932 2462 4229 2539 invaluit
4264 2462 4474 2562 quod·

1431 2588 1590 2663 dam
1637 2583 2131 2684 interpretandi
2178 2607 2402 2682 genus
2423 2640 2445 2672 ‚
2497 2581 2688 2680 quod
2739 2582 2864 2680 qui
2912 2593 3303 2682 sequuntur
3350 2592 3517 2661 sunt
3558 2584 3661 2659 illi
3714 2608 3851 2661 non
3900 2584 4313 2685 interpretes
4364 2582 4479 2657 sed

1431 2708 1908 2784 emendatores
1969 2715 2040 2778 et
2102 2711 2516 2778 correctores
2580 2701 2815 2802 legum
2874 2704 3300 2780 nominandi.
3400 2706 3651 2805 Neque
3702 2705 3887 2781 enim
3932 2704 4103 2805 quid
4152 2703 4480 2804 scriptum

1433 2828 1526 2903 sit
1587 2826 1786 2901 unice
1838 2831 2184 2923 quaerunt
2201 2880 2220 2911 ,
2289 2823 2411 2897 sed
2471 2822 2823 2921 quomodo
2874 2822 2951 2897 id
3002 2824 3193 2923 quod
3245 2825 3580 2926 seriptum
3644 2826 3737 2900 sit
3792 2824 4273 2925 corrigendum
4332 2846 4482 2898 esse

1431 2946 1764 3021 videatur.
1886 2941 2100 3021 Quod
2171 2941 2455 3042 quidem
2526 2943 2909 3020 remedium
2986 2945 3209 3020 audeo
3280 2946 3505 3021 dicere
3574 2946 3727 3047 ipso
3798 2946 3986 3021 malo
4045 2968 4194 3019 esse
4258 2942 4479 3045 peius.

1429 3068 1614 3142 Nam
1687 3064 1814 3140 hoc
1879 3062 2086 3140 modo
2153 3062 2212 3138 si
2263 3063 2563 3163 grassari
2618 3064 2887 3155 licebit,
2940 3072 3044 3141 tot
3094 3074 3298 3142 erunt
3342 3066 3867 3168 legumlatores‚
3918 3074 4091 3167 quot
4132 3070 4339 3140 erunt
4378 3062 4478 3138 in-

1434 3194 1766 3286 terpretes
1785 3245 1806 3273 ,
1873 3186 2024 3283 ipsa
2077 3183 2184 3258 lex
2231 3182 2511 3259 tolletur
2554 3186 2643 3260 de
2696 3186 2925 3262 medio
2944 3245 2963 3275 ,
3027 3186 3397 3268 invalescet
3444 3189 3727 3288 quaevis
3770 3183 4128 3264 iudicandi
4170 3185 4476 3273 licentis,

1435 3316 1505 3382 et
1575 3331 1698 3405 pro
1766 3329 1897 3380 uns
1967 3304 2120 3404 lege
2186 3309 2390 3379 erunt
2461 3311 2567 3378 tot
2626 3306 3120 3382 sententiarum
3180 3307 3541 3384 varietates
3564 3369 3585 3400 ‚
3635 3319 3811 3409 quot
3864 3308 4290 3384 videbuntur
4332 3304 4477 3392 his,

1431 3452 1606 3526 quos
1648 3426 1830 3513 dixi,
1878 3423 2372 3526 interpretibus
2417 3425 2841 3502 commodae.
2950 3424 3323 3502 Veteribus
3370 3429 3509 3504 iam
3555 3453 3965 3528 persuasum
4010 3427 4186 3518 fuit,
4236 3422 4479 3501 iudicis

1433 3547 1715 3624 arbitrio
1763 3569 1972 3644 quam
2030 3545 2445 3645 paucissima
2492 3569 2643 3620 esse
2692 3546 3185 3645 permittenda:
3240 3547 3313 3623 hi
3368 3573 3523 3625 vero
3567 3550 3803 3626 omnia
3844 3547 4261 3650 permittunt
4302 3544 4477 3620 arbi·

1431 3667 1562 3743 trio
1627 3665 1896 3742 iudicis.
2013 3666 2248 3763 Atque
2321 3665 2446 3739 hoc
2512 3689 2731 3764 quum
2780 3690 3052 3766 semper
3106 3669 3197 3743 sit
3248 3669 3445 3745 valde
3490 3670 4025 3770 improbandum
4050 3727 4071 3759 ,
4120 3667 4313 3768 apud
4358 3688 4479 3741 nos

1431 3787 1712 3886 quidem
1758 3785 2071 3861 omnium
2115 3784 2401 3859 minime
2441 3784 2601 3862 ferri
2639 3795 2887 3884 potest.
2990 3789 3173 3864 Nam
3228 3790 3489 3865 nemini
3527 3788 3789 3866 nolenti
3830 3789 4203 3866 mandatur
4235 3785 4478 3862 iudicis

1429 3905 1728 3980 officium
1752 3963 1771 3993 ,
1825 3929 2058 3980 verum
2103 3904 2190 3980 ab
2239 3904 2374 3980 illis
2421 3907 2543 4003 qui
2588 3907 3021 4006 suscipiunt,
3072 3908 3145 3984 id
3194 3910 3383 4008 quod
3430 3911 3719 3988 totidem
3760 3911 3987 3988 verbis
4026 3907 4475 4011 perscriptum

1316 4019 1320 4023 ’
1439 4033 1582 4112 est,
1651 4025 2077 4122 postulatur,
2130 4032 2208 4097 ut
2258 4025 2370 4099 ius
2421 4026 2655 4102 dicant
2702 4029 3088 4104 secundum
3138 4028 3407 4128 legem,⁸
3458 4031 3731 4132 sibique
3780 4033 3871 4108 de
3918 4029 4093 4131 legis
4134 4027 4480 4128 aequitate

1435 4143 1742 4219 iudicare
1816 4166 1952 4220 non
2023 4142 2224 4217 licere
2291 4143 2703 4242 intelligant.
2806 4145 3149 4243 Equidem
3226 4171 3362 4223 non
3436 4149 3763 4227 existimo
3816 4151 4264 4250 interpretem
4312 4146 4481 4246 legis

1435 4288 1586 4341 esse
1646 4286 1918 4338 servum
1981 4261 2387 4362 scriptorum
2456 4263 2842 4338 verborum.
2942 4263 3216 4364 Legum
3280 4268 3565 4345 scientia
3618 4295 3755 4347 non
3814 4271 3988 4347 mihi
4033 4295 4117 4345 ea
4168 4267 4438 4343 videtur
4458 4322 4479 4353 ‚

1435 4385 1494 4460 si
1563 4384 1720 4484 quis
1781 4384 1988 4458 verba
2044 4407 2280 4458 earum
2345 4390 2576 4458 teneat
2636 4381 2757 4458 sed
2824 4382 2959 4458 vim
3012 4409 3091 4459 ac
3142 4395 3573 4485 potestatem.
3674 4392 4067 4469 Per-suadeo
4122 4387 4293 4464 mihi
4340 4407 4477 4460 non

1388 4527 1405 4534 ”
1433 4513 1747 4602 oportere
1800 4506 1910 4577 ius
1964 4501 2162 4578 civile
2202 4502 2607 4578 calumniari
2646 4527 2773 4578 nec
2810 4502 3017 4578 verba
3052 4513 3359 4604 captare,
3400 4509 3525 4584 sed
3554 4537 3693 4610 qus
3732 4512 3906 4612 quid
3944 4518 4179 4588 mente
4214 4507 4476 4583 dietum

1437 4625 1528 4698 sit
1583 4623 2141 4698 animadvertere.
2242 4622 2507 4698 Verum
2580 4623 2784 4699 verba
2844 4633 3121 4724 captare
3170 4633 3243 4700 et
3292 4630 3499 4706 verba
3549 4657 3673 4733 pro
3720 4633 3939 4709 nihilo
3979 4637 4224 4732 putare
4244 4688 4265 4718 ,
4316 4627 4478 4702 haec

1437 4741 1721 4842 quidem
1793 4742 2086 4816 nimium
2163 4752 2505 4841 quantum
2568 4743 2750 4816 inter
2820 4768 2894 4818 se
2962 4743 3312 4844 differunt.
3428 4751 3644 4827 Recte
3712 4753 3997 4853 quidem
4070 4751 4259 4826 Baoo
4328 4747 4478 4822 illos

1436 4861 1876 4962 reprehendit
1923 4863 2462 4952 Iureconsultos,
2519 4863 2641 4961 qui
2684 4871 2825 4938 tam
2870 4865 3063 4940 anxii
3108 4875 3179 4940 et
3222 4875 3494 4945 tenaces
3540 4871 3679 4946 sint
3726 4871 4125 4963 verborum,
4176 4877 4259 4945 ut
4306 4877 4475 4944 tam-
