4942 6175
2073 1376 2565 1492 ACTA
2680 1376 2875 1491 IN
2993 1372 3766 1493 SENATU

2267 1659 2336 1715 A.
2379 1650 3561 1727 elolocchxv—cmlococnxvl,

1683 1874 2034 1949 Rncroan
2091 1874 2528 1950 Maomrico
2591 1874 3046 1951 IAGOBO
3114 1874 3660 1949 ANTONIO
3726 1872 4143 1963 FRUIN,

1877 2040 2360 2117 caunum
2430 2039 2890 2119 1AcoBo
2956 2020 3394 2117 1sAKco
3458 2038 3945 2115 Donnes,

2618 2382 3201 2416 ψ.

1381 2667 1514 2743 Die
1563 2668 1660 2745 28
1709 2688 1806 2743 m.
1859 2668 2120 2747 Martii.
2217 2666 2477 2745 Rector
2536 2672 2965 2771 Magnificus
3026 2670 3323 2747 Iacobus
3377 2668 3659 2743 lenaeus
3708 2664 3984 2743 Doedes
4006 2722 4027 2753 ,
4074 2688 4123 2743 a
4164 2664 4427 2741 Senatu

1725 2786 2180 2885 Amplissimo
2224 2786 2298 2863 in
2343 2788 2746 2869 cathedram
2795 2792 3087 2881 ductus,
3130 2788 3515 2867 orationem
3556 2784 3771 2863 habet
3810 2786 3895 2861 de
3926 2786 4253 2863 libertate
4290 2810 4429 2861 cun

1729 2908 2173 3007 Hedqqiae,
2223 2916 2360 2983 tum
2403 2913 2611 2987 etiem
2649 2912 3011 2989 Ecclesiae
3072 2911 3507 2989 madiam
3554 2914 3827 2983 strenue
3872 2908 4315 2995 minanda,
4358 2912 4429 2981 et

1723 3028 2140 3104 Academiae
2189 3028 2332 3106 fata
2375 3054 2701 3108 enarrans
2753 3032 3158 3110 memoriam
3208 3051 3489 3130 quoque
3544 3025 3845 3106 celebrat
3896 3025 4223 3106 virorum
4273 3026 4425 3103 Cla-

1720 3148 2149 3226 rissimorum
2191 3149 2583 3228 Hermanni
2628 3153 2947 3228 Bouman
2992 3161 3065 3230 et
3108 3151 3413 3230 Simonis
3454 3149 3757 3225 Karsten
3777 3206 3798 3236 ‚
3846 3147 3973 3246 qui
4010 3171 4197 3224 anno
4236 3173 4423 3248 prae·

1713 3269 2002 3346 cedente
2081 3269 2220 3346 vita
2279 3281 2647 3348 cesserant.
2770 3272 3107 3350 Recitatis
3182 3270 3437 3348 deinde
3500 3293 3545 3344 a
3616 3268 4027 3368 Graphiario
4082 3268 4427 3346 ordinum

1719 3388 2010 3464 Iudiciis
2073 3389 2162 3463 de
2230 3393 2933 3467 commentationibus
2979 3393 3051 3467 in
3098 3391 3473 3468 certamine
3522 3389 3823 3466 literario
3862 3389 4128 3480 allatis,
4178 3389 4425 3466 Rector

1715 3509 2137 3606 Magnificus
2166 3511 2380 3610 Regis
2405 3513 2911 3610 Angustissimi
2936 3513 3254 3600 nomine,
3288 3509 3663 3585 victoribus
3690 3533 3815 3584 sua
3845 3509 4149 3610 praemia
4178 3511 4413 3586 tradit:

1812 3653 2183 3704 nummum
2243 3641 2648 3729 argenteum
2722 3633 2975 3708 Iacobo
3038 3629 3357 3707 Cornelio
3404 3654 3531 3706 van
3586 3629 3741 3703 Slee
3760 3689 3781 3719 ,
3831 3630 4066 3706 Theoi.
4128 3629 4413 3705 candid„
4516 3691 4522 3700 .

1714 3749 1788 3822 in
1835 3750 2214 3826 Academia
2261 3751 2910 3850 Lugduno·Batava
2932 3811 2953 3841 ‚

1815 3891 2182 3942 nummum
2243 3891 2531 3944 aureum
2596 3871 2905 3946 Gerardo
2970 3870 3263 3970 Hugoni
3328 3892 3457 3943 van
3510 3868 3841 3956 Bolhuis‚
3896 3853 4083 3944 Iuris'
4125 3869 4197 3943 in
4246 3872 4418 3944 Aca·

1729 3986 1954 4060 demia
2004 3989 2669 4065 Rheno-Traiectina
2716 3989 3087 4066 candidato
3105 4048 3126 4078 ‚

1821 4105 2294 4180 testimonium
2362 4108 2803 4184 honorificam
2862 4110 3199 4184 exhibens
3260 4109 3679 4184 mentionem
3736 4109 3931 4184 Nitio
3982 4108 4287 4183 Henrico
4334 4107 4419 4180 de

1721 4223 2051 4298 Savornin
2099 4225 2411 4298 Lohman
2435 4285 2453 4312 ,
2504 4229 2687 4300 Iuris
2728 4229 2800 4301 in
2847 4230 3223 4303 Academia
3266 4229 3716 4328 Groningana
3758 4228 4168 4316 candidato,

1817 4369 2188 4418 nummum
2267 4354 2673 4443 argenteum
2750 4347 3057 4421 'l'homae
3124 4348 3361 4436 Place‚
3434 4350 3824 4424 Medicinae
3894 4349 3965 4422 in
4048 4346 4423 4423 Academia

1715 4464 2380 4538 Rheno-Traiectina
2426 4465 2796 4540 candidato
2815 4523 2836 4554 ,

1817 4585 2292 4659 testimonium
2343 4585 2623 4658 tandem
2648 4644 2667 4672 ,
2725 4585 3167 4660 honorificam
3218 4588 3636 4662 mentionem
3692 4589 4028 4663 exhibens
4074 4587 4425 4662 Ludovico

1715 4703 2095 4778 Bleekrode
2117 4763 2138 4791 ,
2209 4705 2280 4778 in
2351 4704 2727 4779 Academia
2804 4706 3451 4804 Lugduno-Batava
3522 4709 3917 4782 Matheseos
3978 4716 4049 4782 et
4118 4709 4425 4782 Philoso·
4526 4745 4533 4752 ·

1717 4821 1921 4920 phiae
1969 4824 2324 4898 Naturalis
2372 4824 2706 4898 studioso,
