4942 6175
1401 638 1530 703 148
2538 630 2603 698 F.
2652 630 2723 699 Z.
2769 626 3324 695 ERMEMNS

1395 840 1562 941 quia
1624 840 1716 915 ab
1784 838 1922 913 illis
1981 836 2149 915 artis
2205 835 2545 935 originem
2604 833 3050 934 repetendam
3106 856 3353 907 censeo
3374 888 3397 923 ,
3466 832 3589 907 sed
3641 838 3721 907 ut
3766 829 4005 907 statim
4053 855 4098 906 a
4152 830 4441 909 medicis

1400 960 1763 1060 seiungam
1835 982 1988 1046 eos,
2061 956 2182 1055 qui
2231 978 2358 1029 nec
2427 954 2683 1029 medici
2745 952 3029 1029 fuerunt
3048 1012 3069 1043 ,
3139 974 3368 1051 neque
3435 958 3654 1027 artem
3722 960 4253 1051 promoverunt,
4322 952 4446 1027 sed

1400 1083 1488 1157 de
1517 1080 1726 1155 rebus
1753 1086 1984 1154 tamen
2031 1073 2318 1150 medicis
2364 1072 2436 1147 et
2490 1098 2617 1148 suo
2664 1082 2970 1173 tempore
3023 1072 3534 1161 disseruerunt,
3582 1070 3656 1147 et
3698 1071 3911 1145 libros
3952 1070 4243 1169 scriptos
4290 1072 4443 1147 reli-

1396 1206 1720 1300 querunt.
1817 1196 1919 1271 At
1955 1218 2044 1269 ne
2091 1192 2342 1267 iniuria
2395 1193 2739 1291 sophistas
2788 1219 2831 1268 a
2896 1191 3179 1268 medicis
3234 1191 3651 1291 separandos
3700 1190 4017 1267 arbitrari
4044 1190 4279 1267 videar
4300 1250 4323 1281 ,
4346 1230 4447 1247 —

1397 1342 1488 1394 ne
1535 1317 1646 1392 his
1677 1314 2110 1414 temporibus
2156 1313 2440 1388 demum
2486 1312 2945 1411 excogitatam
2986 1312 3443 1387 differentiam
3484 1310 3665 1387 inter
3702 1336 3821 1387 eos
3840 1370 3861 1401 ,
3896 1312 4019 1411 qui
4058 1312 4445 1411 antiquitus

1397 1438 1486 1513 de
1565 1435 1909 1511 medicina
1979 1432 2400 1532 scripserunt
2419 1490 2440 1521 ,
2514 1431 2637 1507 sed
2704 1456 2917 1531 quam
2990 1431 3367 1530 antiquitas
3438 1432 3589 1531 ipsa
3650 1430 4101 1530 ignoraverit,
4174 1455 4445 1507 sumere

1394 1556 1785 1642 existimer,
1839 1553 2032 1628 ecce!
2086 1576 2240 1626 vere
2285 1550 2592 1650 sophista
2629 1550 2967 1626 dicendus
3002 1562 3243 1628 auctor
3276 1576 3699 1651 anonymus:
3758 1558 3884 1626 nat
3937 1576 4128 1639 vero,
4177 1550 4443 1651 inquit,

1395 1675 1650 1752 medici
1713 1672 2001 1774 quidam
2069 1679 2142 1747 et
2210 1670 2555 1770 sophistae
2615 1670 2765 1745 fieri
2826 1695 2963 1746 non
3010 1696 3213 1772 posse
3256 1672 3501 1747 dicunt
3522 1729 3543 1761 ,
3612 1679 3692 1745 ut
3741 1671 3899 1769 quis
3948 1679 4169 1746 artem
4226 1670 4440 1745 medi·

1401 1822 1552 1873 cam
1619 1799 2029 1893 cognoscat,
2099 1791 2234 1866 nisi
2295 1790 2601 1880 noverit,
2674 1791 2847 1889 quid
2914 1790 3005 1865 sit
3072 1791 3319 1881 homo,
3384 1792 3505 1867 sed
3554 1800 3867 1890 oportere
3910 1789 3985 1865 id
4038 1814 4445 1890 cognoscere

1398 1940 1558 1991 eum
1577 1972 1598 2004 ,
1650 1912 1774 2012 qui
1811 1918 1996 1987 recte
2043 1911 2392 1986 hominem
2452 1910 2545 1984 sit
2592 1912 3043 1985 curaturus.”-
3132 1910 3407 1987 Videtis
3446 1910 3633 2009 ipsos
3677 1920 3939 1986 veteres
3984 1910 4072 1985 de
4124 1910 4445 2010 sophistis

1400 2045 1472 2110 et
1525 2032 1812 2109 medicis
1875 2030 2068 2131 loqui
2086 2089 2107 2119 ,
2179 2029 2302 2129 qui
2361 2029 2448 2103 de
2502 2038 2650 2104 arte
2700 2031 2965 2106 medica
3018 2031 3306 2130 egerint.
3409 2031 3673 2109 Quales
3719 2030 3935 2130 igitur
3984 2030 4057 2105 hi
4102 2030 4445 2130 sophistae

1403 2179 1478 2229 se
1521 2151 2044 2253 praebuerunt?
2115 2148 2220 2223 Hi
2262 2148 2514 2249 partim
2559 2173 2763 2247 opera
2808 2150 3233 2224 medicorum
3277 2148 3571 2247 legendo
3593 2206 3615 2238 ,
3664 2147 3915 2247 partim
3957 2173 4119 2222 cum
4166 2148 4445 2223 medicis

1397 2296 1745 2349 sermones
1787 2267 2139 2345 miscendo
2183 2267 2489 2366 aliquam
2536 2267 2671 2341 sibi
2723 2292 2953 2343 rerum
3010 2267 3431 2344 medicatum
3486 2268 3803 2343 notitiam
3844 2275 4441 2367 comparaverant,

1391 2392 1483 2468 ab
1535 2398 1684 2467 arte
1741 2398 1976 2465 tamen
2029 2386 2341 2463 facienda
2387 2409 2637 2460 manus
2690 2385 3197 2463 abstinuerunt.
3298 2386 3515 2461 Suam
3570 2393 3807 2461 autem
3862 2386 4441 2486 qualemcumque

1397 2512 1752 2587 scientiam
1825 2507 2286 2584 ostendebant
2345 2514 2501 2581 tum
2576 2530 2927 2581 sermones
2979 2508 3323 2605 longiores
3345 2565 3366 2596 ,
3414 2550 3516 2566 —-
3560 2508 3839 2608 λόγους
3890 2506 4215 2583 dixerunt
4266 2515 4440 2583 vete-

1395 2656 1545 2720 res,
1592 2672 1690 2689 —
1739 2628 2061 2703 habendo
2108 2629 2197 2702 de
2243 2636 2658 2725 argumento
2712 2626 2945 2725 aliquo
2992 2627 3297 2716 medico,
3348 2637 3502 2701 tum
3551 2626 3927 2702 dialecticis
3975 2627 4065 2703 de
4110 2627 4443 2705 medicina

1399 2741 2027 2847 disquisitionibus.
2128 2746 2234 2819 Ac
2301 2743 2855 2843 disputationum
2912 2745 3121 2819 huius
3178 2746 3451 2845 generis
3512 2746 3829 2846 exempla
3875 2747 3951 2821 in
4006 2747 4269 2847 sylloge
4312 2772 4442 2823 me-

1400 2869 1711 2944 dicorum
1782 2873 2092 2941 veterum
2152 2864 2387 2939 relicta
2442 2864 2635 2941 nulla
2688 2864 3026 2939 habemus
3046 2922 3065 2952 ,
3116 2865 3593 2965 paradigmata
3639 2890 3797 2941 vero
3846 2890 3983 2941 non
4022 2867 4259 2967 inepte
4308 2866 4443 2966 peti

1397 2988 1640 3088 opinor
1707 3012 1748 3061 e
1810 2983 2109 3060 Socratis
2129 3042 2150 3074 ,
2213 2984 2505 3061 aliorum
2577 2983 2767 3083 apud
2826 2982 3363 3081 Xenophontem
3384 3043 3405 3074 ‚
3469 2984 3823 3061 Platonem
3874 2986 4192 3088 dialogis.
4290 2988 4443 3063 Non

1398 3118 1634 3185 autem
1679 3104 1994 3204 analogia
2043 3105 2267 3181 solum
2315 3129 2426 3180 me
2479 3104 2570 3179 ad
2616 3129 2769 3180 eam
2830 3105 3243 3180 sententiam
3299 3106 3389 3181 de
3434 3105 3807 3182 dialecticis
3854 3107 4319 3206 sophistarum
4364 3111 4441 3183 de

1399 3226 1743 3304 medicina
1811 3225 2400 3325 disputationibus
2459 3249 2615 3299 esse
2674 3225 3085 3325 perductum
3156 3224 3516 3301 ostendere
3578 3226 3779 3302 liceat
3833 3227 4073 3325 paucis
4128 3253 4171 3302 e
4232 3230 4443 3330 primo

1400 3346 1576 3422 libro
1633 3345 1722 3418 de
1772 3343 2034 3418 morbis
2089 3343 2312 3419 verbis
2333 3403 2352 3436 ,
2424 3345 2549 3420 ubi
2591 3353 2867 3420 auctor:
2942 3345 3109 3444 uqui
3156 3345 3245 3419 de
3283 3346 3677 3422 morborum
3703 3405 3724 3436 ,
3774 3337 4043 3446 inquit,
4100 3349 4441 3425 curatione

1399 3473 1556 3540 tum
1625 3463 1793 3538 scite
1849 3463 2270 3564 interrogare
2289 3523 2310 3554 ,
2379 3473 2535 3540 tum
2602 3464 2693 3540 ad
2758 3464 3195 3563 quaestiones
3254 3465 3667 3566 respondere
3728 3466 3909 3543 volet
3970 3475 4041 3544 et
4092 3469 4439 3545 commode

1400 3584 1670 3661 obiecta
1709 3582 2046 3673 refutare,
2097 3584 2266 3660 haec
2309 3608 2545 3660 secum
2601 3592 2919 3684 reputare
2962 3583 3351 3661 convenit.”
3452 3589 3814 3665 Quaenam
3862 3589 3997 3664 ista
4040 3589 4181 3664 sint
4204 3647 4225 3678 ‚
4277 3611 4442 3688 quae

1404 3712 1725 3802 reputare
1791 3711 2141 3802 oporteat,
2213 3704 2419 3778 mitto
2438 3761 2458 3792 ‚
2534 3702 2657 3777 sed
2718 3704 3008 3778 alterum
3068 3703 3383 3778 eiusdem
3444 3706 3789 3802 sophistae
3852 3707 4086 3784 locum
4156 3709 4445 3809 proferre

1407 3822 1639 3909 lubet,
1689 3822 1877 3896 unde
1922 3847 2250 3921 quorsum
2297 3823 2416 3898 illa
2463 3822 2845 3924 disputatio
2884 3823 3144 3899 scilicet
3187 3824 3275 3900 de
3322 3826 3673 3901 curatione
3716 3825 4111 3904 morborum
4156 3828 4443 3904 tenderit

1412 3940 1762 4016 discimus.
1863 3941 2045 4015 Tum
2112 3943 2244 4016 alia
2295 3943 2368 4016 in
2429 3943 2880 4042 disceptando
2926 3942 3225 4020 tenenda
3274 3969 3424 4020 esse
3471 3945 3679 4034 dicit,
3730 3957 3883 4022 tum
3940 3947 4054 4022 uin
4106 3972 4248 4047 quo
4302 3947 4447 4047 quis

1413 4058 1744 4146 dicendo,
1817 4058 1923 4134 vel
1970 4060 2456 4159 interrogando
2476 4120 2497 4150 ,
2548 4062 2653 4137 vel
2696 4063 3176 4162 respondendo
3218 4066 3634 4162 peccaverit,
3681 4111 3773 4126 --
3822 4075 3893 4140 et
3932 4067 3991 4141 si
4024 4091 4205 4166 quae
4240 4069 4447 4142 multa

1415 4188 1619 4269 sunt,
1687 4203 1908 4277 pauca
1973 4202 2122 4252 esse
2188 4178 2409 4267 dicat,
2480 4179 2583 4252 vel
2647 4205 2827 4278 quae
2875 4205 3127 4280 magna
3176 4193 3377 4271 sunt,
3438 4209 3681 4283 parva,
3732 4187 3839 4260 vel
3888 4211 4069 4286 quae
4116 4189 4269 4263 fieri
4320 4212 4445 4263 uon

1413 4307 1706 4400 possunt
1723 4357 1744 4387 ,
1793 4297 1942 4372 fieri
2001 4321 2202 4396 posse
2255 4299 2587 4387 affirmet,
2640 4299 2747 4374 vel
2790 4299 2860 4372 in
2912 4325 3350 4400 quacumque
3396 4304 3527 4378 alia
3574 4329 3650 4380 re
3692 4306 3985 4384 dicendo
4037 4309 4443 4407 peccaverit,

1409 4420 1483 4494 id
1557 4418 1917 4494 observare
1992 4425 2262 4516 oportet
2330 4425 2401 4493 et
2467 4420 2702 4492 statim
2756 4421 3093 4496 contraria
3146 4421 3449 4498 oratione
3496 4423 3887 4502 insectari.”
3939 4473 4037 4488 —-
4089 4429 4194 4502 Eo
4242 4429 4445 4529 igitur

1412 4539 1683 4613 redibat
1746 4538 1922 4612 illud
1976 4540 2269 4638 ἐρωτᾶν
2318 4547 2389 4613 et
2433 4539 3001 4640 ἀποκρινεῖσθαι
3023 4599 3044 4629 ,
3094 4585 3199 4604 -
3240 4542 3415 4618 illud
3466 4543 3898 4646 ἀντιλέγειν
3948 4546 4405 4647 sophistarum
4423 4605 4440 4634 ‚

1416 4682 1708 4757 quorum
1775 4657 2088 4733 omnium
2147 4682 2426 4735 summa
2476 4666 2622 4734 erat
2674 4684 2847 4734 vana
2896 4661 3237 4760 quaedam
3288 4662 3636 4740 doctrinae
3691 4667 4061 4743 ostentatio
4114 4677 4187 4742 et
4228 4667 4443 4743 inanis

1413 4778 1502 4853 de
1551 4777 1760 4856 rebus
1809 4777 2106 4876 cognitis
2151 4778 2406 4878 pariter
2449 4787 2521 4854 et
2560 4778 2929 4878 incognitis
2980 4781 3386 4882 disceptatio
3404 4842 3426 4874 ,
3478 4785 3763 4877 sterilis,
3814 4787 4087 4864 nullum
4140 4789 4273 4864 arti
4320 4787 4444 4888 ipsi
