<?xml version="1.0" encoding="UTF-8"?>
<!DOCTYPE html PUBLIC "-//W3C//DTD XHTML 1.0 Transitional//EN"
    "http://www.w3.org/TR/xhtml1/DTD/xhtml1-transitional.dtd">
<html xmlns="http://www.w3.org/1999/xhtml" xml:lang="en" lang="en">
 <head>
  <title>
</title>
<meta http-equiv="Content-Type" content="text/html;charset=utf-8" />
  <meta name='ocr-system' content='tesseract 3.04.00' />
  <meta name='ocr-capabilities' content='ocr_page ocr_carea ocr_par ocr_line ocrx_word'/>
</head>
<body>
  <div class='ocr_page' id='page_1' title='image "annalesacademic19unkngoog_0173.png"; bbox 0 0 4942 6175; ppageno 0'>
   <div class='ocr_carea' id='block_1_1' title="bbox 1751 665 3588 768">
    <p class='ocr_par' dir='ltr' id='par_1_1' title="bbox 1751 665 3588 768">
     <span class='ocr_line' id='line_1_1' title="bbox 1751 665 3588 768; baseline 0.001 -2"><span class='ocrx_word' id='word_1_1' title='bbox 1751 665 2347 768; x_wconf 61' lang='lat' dir='ltr'><strong>‘onai-10.</strong></span> <span class='ocrx_word' id='word_1_2' title='bbox 3459 699 3588 768; x_wconf 66' lang='lat'><strong>1³9</strong></span> 
     </span>
    </p>
   </div>
   <div class='ocr_carea' id='block_1_2' title="bbox 525 905 3654 4959">
    <p class='ocr_par' dir='ltr' id='par_1_2' title="bbox 534 905 3590 1246">
     <span class='ocr_line' id='line_1_2' title="bbox 535 905 3588 1010; baseline -0.001 -26"><span class='ocrx_word' id='word_1_3' title='bbox 535 909 719 984; x_wconf 75' lang='lat' dir='ltr'><strong>&#39;rum</strong></span> <span class='ocrx_word' id='word_1_4' title='bbox 770 931 927 984; x_wconf 77' lang='lat' dir='ltr'><strong>vero</strong></span> <span class='ocrx_word' id='word_1_5' title='bbox 974 907 1291 984; x_wconf 75' lang='lat' dir='ltr'><strong>eruditus</strong></span> <span class='ocrx_word' id='word_1_6' title='bbox 1334 907 1449 984; x_wconf 83' lang='lat' dir='ltr'><strong>hic</strong></span> <span class='ocrx_word' id='word_1_7' title='bbox 1492 914 1601 983; x_wconf 84' lang='lat' dir='ltr'><strong>est</strong></span> <span class='ocrx_word' id='word_1_8' title='bbox 1644 907 2019 984; x_wconf 87' lang='lat' dir='ltr'><strong>dicendus·</strong></span> <span class='ocrx_word' id='word_1_9' title='bbox 2078 905 2546 1004; x_wconf 80' lang='lat' dir='ltr'><strong>antiquiorum</strong></span> <span class='ocrx_word' id='word_1_10' title='bbox 2593 933 2800 1008; x_wconf 89' lang='lat' dir='ltr'><strong>opera</strong></span> <span class='ocrx_word' id='word_1_11' title='bbox 2843 910 3122 1010; x_wconf 87' lang='lat' dir='ltr'><strong>legerat.</strong></span> <span class='ocrx_word' id='word_1_12' title='bbox 3223 907 3312 980; x_wconf 89' lang='lat' dir='ltr'><strong>In</strong></span> <span class='ocrx_word' id='word_1_13' title='bbox 3365 929 3588 981; x_wconf 86' lang='lat' dir='ltr'><strong>reme-</strong></span> 
     </span>
     <span class='ocr_line' id='line_1_3' title="bbox 536 1025 3590 1128; baseline -0.001 -24"><span class='ocrx_word' id='word_1_14' title='bbox 536 1027 669 1104; x_wconf 68' lang='lat' dir='ltr'><strong>dsi-</strong></span> <span class='ocrx_word' id='word_1_15' title='bbox 728 1027 1331 1110; x_wconf 71' lang='lat' dir='ltr'><strong>commendandis.</strong></span> <span class='ocrx_word' id='word_1_16' title='bbox 1370 1027 1659 1102; x_wconf 83' lang='lat' dir='ltr'><strong>Cnidios</strong></span> <span class='ocrx_word' id='word_1_17' title='bbox 1728 1029 2077 1126; x_wconf 89' lang='lat' dir='ltr'><strong>sequitur;</strong></span> <span class='ocrx_word' id='word_1_18' title='bbox 2147 1025 2598 1126; x_wconf 79' lang='lat' dir='ltr'><strong>Hippocratis</strong></span> <span class='ocrx_word' id='word_1_19' title='bbox 2660 1053 2872 1128; x_wconf 89' lang='lat' dir='ltr'><strong>opera</strong></span> <span class='ocrx_word' id='word_1_20' title='bbox 2939 1026 3276 1127; x_wconf 83' lang='lat' dir='ltr'><strong>pervolvit</strong></span> <span class='ocrx_word' id='word_1_21' title='bbox 3341 1035 3416 1101; x_wconf 87' lang='lat' dir='ltr'><strong>et</strong></span> <span class='ocrx_word' id='word_1_22' title='bbox 3481 1025 3590 1100; x_wconf 88' lang='lat' dir='ltr'><strong>vel</strong></span> 
     </span>
     <span class='ocr_line' id='line_1_4' title="bbox 534 1146 1944 1246; baseline -0.001 -23"><span class='ocrx_word' id='word_1_23' title='bbox 534 1147 917 1224; x_wconf 88' lang='lat' dir='ltr'><strong>orationem</strong></span> <span class='ocrx_word' id='word_1_24' title='bbox 966 1147 1095 1222; x_wconf 90' lang='lat' dir='ltr'><strong>viri</strong></span> <span class='ocrx_word' id='word_1_25' title='bbox 1139 1146 1395 1246; x_wconf 79' lang='lat' dir='ltr'><strong>passim</strong></span> <span class='ocrx_word' id='word_1_26' title='bbox 1448 1155 1557 1222; x_wconf 85' lang='lat' dir='ltr'><strong>est</strong></span> <span class='ocrx_word' id='word_1_27' title='bbox 1605 1147 1944 1222; x_wconf 77' lang='lat' dir='ltr'><strong>imitatus.</strong></span> 
     </span>
    </p>

    <p class='ocr_par' dir='ltr' id='par_1_3' title="bbox 532 1262 3597 2296">
     <span class='ocr_line' id='line_1_5' title="bbox 630 1262 3594 1366; baseline -0.002 -24"><span class='ocrx_word' id='word_1_28' title='bbox 630 1268 993 1342; x_wconf 88' lang='lat' dir='ltr'><strong>Postremo</strong></span> <span class='ocrx_word' id='word_1_29' title='bbox 1048 1267 1197 1344; x_wconf 92' lang='lat' dir='ltr'><strong>loco</strong></span> <span class='ocrx_word' id='word_1_30' title='bbox 1239 1267 1330 1342; x_wconf 89' lang='lat' dir='ltr'><strong>de</strong></span> <span class='ocrx_word' id='word_1_31' title='bbox 1378 1266 1849 1366; x_wconf 78' lang='lat' dir='ltr'><strong>physiologiae</strong></span> <span class='ocrx_word' id='word_1_32' title='bbox 1898 1273 2123 1340; x_wconf 89' lang='lat' dir='ltr'><strong>vetere</strong></span> <span class='ocrx_word' id='word_1_33' title='bbox 2162 1265 2280 1341; x_wconf 92' lang='lat' dir='ltr'><strong>illo</strong></span> <span class='ocrx_word' id='word_1_34' title='bbox 2333 1290 2504 1341; x_wconf 87' lang='lat' dir='ltr'><strong>aevo</strong></span> <span class='ocrx_word' id='word_1_35' title='bbox 2545 1265 2958 1341; x_wconf 78' lang='lat' dir='ltr'><strong>rudimentis</strong></span> <span class='ocrx_word' id='word_1_36' title='bbox 3009 1289 3282 1341; x_wconf 90' lang='lat' dir='ltr'><strong>moneo.</strong></span> <span class='ocrx_word' id='word_1_37' title='bbox 3382 1262 3594 1338; x_wconf 87' lang='lat' dir='ltr'><strong>Alius</strong></span> 
     </span>
     <span class='ocr_line' id='line_1_6' title="bbox 534 1382 3590 1484; baseline -0.001 -25"><span class='ocrx_word' id='word_1_38' title='bbox 534 1383 862 1481; x_wconf 76' lang='lat' dir='ltr'><strong>scriptor,</strong></span> <span class='ocrx_word' id='word_1_39' title='bbox 931 1383 1133 1460; x_wconf 89' lang='lat' dir='ltr'><strong>cuius</strong></span> <span class='ocrx_word' id='word_1_40' title='bbox 1194 1407 1450 1459; x_wconf 89' lang='lat' dir='ltr'><strong>nomen</strong></span> <span class='ocrx_word' id='word_1_41' title='bbox 1518 1384 1691 1458; x_wconf 83' lang='lat' dir='ltr'><strong>item</strong></span> <span class='ocrx_word' id='word_1_42' title='bbox 1754 1383 2186 1482; x_wconf 85' lang='lat' dir='ltr'><strong>incognitum</strong></span> <span class='ocrx_word' id='word_1_43' title='bbox 2204 1441 2227 1472; x_wconf 87' lang='lat'>,</span> <span class='ocrx_word' id='word_1_44' title='bbox 2287 1384 2362 1458; x_wconf 91' lang='lat' dir='ltr'><strong>in</strong></span> <span class='ocrx_word' id='word_1_45' title='bbox 2408 1408 2538 1458; x_wconf 86' lang='lat' dir='ltr'><strong>ovo</strong></span> <span class='ocrx_word' id='word_1_46' title='bbox 2579 1385 2960 1484; x_wconf 88' lang='lat' dir='ltr'><strong>gallinaceo</strong></span> <span class='ocrx_word' id='word_1_47' title='bbox 3001 1386 3162 1460; x_wconf 84' lang='lat' dir='ltr'><strong>novi</strong></span> <span class='ocrx_word' id='word_1_48' title='bbox 3212 1382 3590 1483; x_wconf 85' lang='lat' dir='ltr'><strong>organismi</strong></span> 
     </span>
     <span class='ocr_line' id='line_1_7' title="bbox 532 1501 3592 1604; baseline 0 -26"><span class='ocrx_word' id='word_1_49' title='bbox 532 1512 767 1579; x_wconf 87' lang='lat' dir='ltr'><strong>ortum</strong></span> <span class='ocrx_word' id='word_1_50' title='bbox 829 1503 1551 1602; x_wconf 87' lang='lat' dir='ltr'><strong>quantulumcumque</strong></span> <span class='ocrx_word' id='word_1_51' title='bbox 1618 1510 1725 1578; x_wconf 84' lang='lat' dir='ltr'><strong>est</strong></span> <span class='ocrx_word' id='word_1_52' title='bbox 1786 1503 2295 1602; x_wconf 70' lang='lat' dir='ltr'><strong>contemplatus</strong></span> <span class='ocrx_word' id='word_1_53' title='bbox 2362 1511 2433 1577; x_wconf 90' lang='lat' dir='ltr'><strong>et</strong></span> <span class='ocrx_word' id='word_1_54' title='bbox 2503 1527 2625 1602; x_wconf 90' lang='lat' dir='ltr'><strong>per</strong></span> <span class='ocrx_word' id='word_1_55' title='bbox 2683 1505 2928 1578; x_wconf 88' lang='lat' dir='ltr'><strong>seriem</strong></span> <span class='ocrx_word' id='word_1_56' title='bbox 2989 1504 3252 1604; x_wconf 82' lang='lat' dir='ltr'><strong>aliquot</strong></span> <span class='ocrx_word' id='word_1_57' title='bbox 3302 1501 3592 1578; x_wconf 87' lang='lat' dir='ltr'><strong>incuba-</strong></span> 
     </span>
     <span class='ocr_line' id='line_1_8' title="bbox 532 1622 3594 1723; baseline -0.001 -24"><span class='ocrx_word' id='word_1_58' title='bbox 532 1624 743 1699; x_wconf 83' lang='lat' dir='ltr'><strong>tionis</strong></span> <span class='ocrx_word' id='word_1_59' title='bbox 808 1623 1081 1699; x_wconf 85' lang='lat' dir='ltr'><strong>dierum</strong></span> <span class='ocrx_word' id='word_1_60' title='bbox 1156 1631 1266 1698; x_wconf 89' lang='lat' dir='ltr'><strong>est</strong></span> <span class='ocrx_word' id='word_1_61' title='bbox 1328 1631 1755 1723; x_wconf 80' lang='lat' dir='ltr'><strong>persecutus.</strong></span> <span class='ocrx_word' id='word_1_62' title='bbox 1886 1624 2087 1698; x_wconf 91' lang='lat' dir='ltr'><strong>Idem</strong></span> <span class='ocrx_word' id='word_1_63' title='bbox 2148 1622 2357 1698; x_wconf 84' lang='lat' dir='ltr'><strong>etiam</strong></span> <span class='ocrx_word' id='word_1_64' title='bbox 2424 1647 2552 1698; x_wconf 88' lang='lat' dir='ltr'><strong>suo</strong></span> <span class='ocrx_word' id='word_1_65' title='bbox 2623 1647 2788 1698; x_wconf 86' lang='lat' dir='ltr'><strong>sane</strong></span> <span class='ocrx_word' id='word_1_66' title='bbox 2857 1623 3064 1698; x_wconf 91' lang='lat' dir='ltr'><strong>modo</strong></span> <span class='ocrx_word' id='word_1_67' title='bbox 3083 1680 3102 1711; x_wconf 91' lang='lat'>‚</span> <span class='ocrx_word' id='word_1_68' title='bbox 3171 1646 3381 1721; x_wconf 91' lang='lat' dir='ltr'><strong>quem</strong></span> <span class='ocrx_word' id='word_1_69' title='bbox 3459 1646 3594 1721; x_wconf 90' lang='lat' dir='ltr'><strong>ego</strong></span> 
     </span>
     <span class='ocr_line' id='line_1_9' title="bbox 533 1727 3592 1842; baseline 0 -26"><span class='ocrx_word' id='word_1_70' title='bbox 533 1740 861 1816; x_wconf 81' lang='lat' dir='ltr'><strong>laudibus</strong></span> <span class='ocrx_word' id='word_1_71' title='bbox 917 1765 1057 1816; x_wconf 90' lang='lat' dir='ltr'><strong>non</strong></span> <span class='ocrx_word' id='word_1_72' title='bbox 1106 1742 1401 1831; x_wconf 89' lang='lat' dir='ltr'><strong>ornabo,</strong></span> <span class='ocrx_word' id='word_1_73' title='bbox 1468 1743 1754 1841; x_wconf 86' lang='lat' dir='ltr'><strong>physica</strong></span> <span class='ocrx_word' id='word_1_74' title='bbox 1795 1743 2137 1841; x_wconf 84' lang='lat' dir='ltr'><strong>quaedam</strong></span> <span class='ocrx_word' id='word_1_75' title='bbox 2191 1742 2668 1842; x_wconf 83' lang='lat' dir='ltr'><strong>experimenta</strong></span> <span class='ocrx_word' id='word_1_76' title='bbox 2709 1743 2800 1818; x_wconf 85' lang='lat' dir='ltr'><strong>ad</strong></span> <span class='ocrx_word' id='word_1_77' title='bbox 2851 1727 2990 1817; x_wconf 81' lang='lat' dir='ltr'><strong>vivi</strong></span> <span class='ocrx_word' id='word_1_78' title='bbox 3029 1741 3331 1840; x_wconf 88' lang='lat' dir='ltr'><strong>corporis</strong></span> <span class='ocrx_word' id='word_1_79' title='bbox 3383 1740 3592 1839; x_wconf 87' lang='lat' dir='ltr'><strong>phae-</strong></span> 
     </span>
     <span class='ocr_line' id='line_1_10' title="bbox 536 1859 3595 1962; baseline -0.001 -25"><span class='ocrx_word' id='word_1_80' title='bbox 536 1885 833 1937; x_wconf 83' lang='lat' dir='ltr'><strong>nomena</strong></span> <span class='ocrx_word' id='word_1_81' title='bbox 904 1861 1316 1937; x_wconf 88' lang='lat' dir='ltr'><strong>illustranda</strong></span> <span class='ocrx_word' id='word_1_82' title='bbox 1378 1861 1701 1939; x_wconf 90' lang='lat' dir='ltr'><strong>adhibuit</strong></span> <span class='ocrx_word' id='word_1_83' title='bbox 1764 1874 1835 1938; x_wconf 89' lang='lat' dir='ltr'><strong>et</strong></span> <span class='ocrx_word' id='word_1_84' title='bbox 1892 1862 1979 1937; x_wconf 89' lang='lat' dir='ltr'><strong>iis</strong></span> <span class='ocrx_word' id='word_1_85' title='bbox 1998 1920 2020 1953; x_wconf 88' lang='lat'>‚</span> <span class='ocrx_word' id='word_1_86' title='bbox 2086 1886 2266 1961; x_wconf 90' lang='lat' dir='ltr'><strong>quae</strong></span> <span class='ocrx_word' id='word_1_87' title='bbox 2310 1863 2381 1937; x_wconf 92' lang='lat' dir='ltr'><strong>in</strong></span> <span class='ocrx_word' id='word_1_88' title='bbox 2426 1863 2683 1962; x_wconf 89' lang='lat' dir='ltr'><strong>plantis</strong></span> <span class='ocrx_word' id='word_1_89' title='bbox 2727 1861 3243 1952; x_wconf 81' lang='lat' dir='ltr'><strong>observaverat,</strong></span> <span class='ocrx_word' id='word_1_90' title='bbox 3293 1859 3595 1935; x_wconf 88' lang='lat' dir='ltr'><strong>eundem</strong></span> 
     </span>
     <span class='ocr_line' id='line_1_11' title="bbox 533 1978 3597 2080; baseline 0 -25"><span class='ocrx_word' id='word_1_91' title='bbox 533 1981 608 2055; x_wconf 89' lang='lat' dir='ltr'><strong>in</strong></span> <span class='ocrx_word' id='word_1_92' title='bbox 650 1982 864 2056; x_wconf 88' lang='lat' dir='ltr'><strong>finem</strong></span> <span class='ocrx_word' id='word_1_93' title='bbox 910 1989 1018 2056; x_wconf 87' lang='lat' dir='ltr'><strong>est</strong></span> <span class='ocrx_word' id='word_1_94' title='bbox 1057 2005 1245 2058; x_wconf 86' lang='lat' dir='ltr'><strong>usus.</strong></span> <span class='ocrx_word' id='word_1_95' title='bbox 1320 1980 1600 2058; x_wconf 91' lang='lat' dir='ltr'><strong>Horum</strong></span> <span class='ocrx_word' id='word_1_96' title='bbox 1636 1981 1810 2058; x_wconf 85' lang='lat' dir='ltr'><strong>nihil</strong></span> <span class='ocrx_word' id='word_1_97' title='bbox 1860 1990 2095 2058; x_wconf 90' lang='lat' dir='ltr'><strong>tamen</strong></span> <span class='ocrx_word' id='word_1_98' title='bbox 2145 1983 2235 2057; x_wconf 91' lang='lat' dir='ltr'><strong>ad</strong></span> <span class='ocrx_word' id='word_1_99' title='bbox 2286 1982 2702 2057; x_wconf 86' lang='lat' dir='ltr'><strong>medicinam</strong></span> <span class='ocrx_word' id='word_1_100' title='bbox 2750 1981 3286 2080; x_wconf 88' lang='lat' dir='ltr'><strong>promovendam</strong></span> <span class='ocrx_word' id='word_1_101' title='bbox 3330 1978 3597 2055; x_wconf 71' lang='lat' dir='ltr'><strong>fructus</strong></span> 
     </span>
     <span class='ocr_line' id='line_1_12' title="bbox 534 2099 3596 2201; baseline -0.001 -26"><span class='ocrx_word' id='word_1_102' title='bbox 534 2101 698 2175; x_wconf 90' lang='lat' dir='ltr'><strong>tulit</strong></span> <span class='ocrx_word' id='word_1_103' title='bbox 717 2156 740 2190; x_wconf 88' lang='lat'>,</span> <span class='ocrx_word' id='word_1_104' title='bbox 812 2101 911 2176; x_wconf 90' lang='lat' dir='ltr'><strong>ita</strong></span> <span class='ocrx_word' id='word_1_105' title='bbox 999 2107 1081 2177; x_wconf 87' lang='lat' dir='ltr'><strong>ut</strong></span> <span class='ocrx_word' id='word_1_106' title='bbox 1158 2101 1391 2176; x_wconf 89' lang='lat' dir='ltr'><strong>solum</strong></span> <span class='ocrx_word' id='word_1_107' title='bbox 1471 2103 1573 2177; x_wconf 87' lang='lat' dir='ltr'><strong>rei</strong></span> <span class='ocrx_word' id='word_1_108' title='bbox 1643 2103 2068 2179; x_wconf 86' lang='lat' dir='ltr'><strong>mentionem</strong></span> <span class='ocrx_word' id='word_1_109' title='bbox 2122 2101 2369 2179; x_wconf 83' lang='lat' dir='ltr'><strong>faciam</strong></span> <span class='ocrx_word' id='word_1_110' title='bbox 2387 2158 2412 2191; x_wconf 84' lang='lat'><em>,</em></span> <span class='ocrx_word' id='word_1_111' title='bbox 2479 2125 2570 2176; x_wconf 90' lang='lat' dir='ltr'><strong>ne</strong></span> <span class='ocrx_word' id='word_1_112' title='bbox 2615 2103 2808 2201; x_wconf 92' lang='lat' dir='ltr'><strong>quod</strong></span> <span class='ocrx_word' id='word_1_113' title='bbox 2862 2123 2936 2175; x_wconf 90' lang='lat' dir='ltr'><strong>re</strong></span> <span class='ocrx_word' id='word_1_114' title='bbox 2987 2125 3146 2174; x_wconf 86' lang='lat' dir='ltr'><strong>vera</strong></span> <span class='ocrx_word' id='word_1_115' title='bbox 3196 2099 3456 2175; x_wconf 79' lang='lat' dir='ltr'><strong>factum</strong></span> <span class='ocrx_word' id='word_1_116' title='bbox 3505 2099 3596 2173; x_wconf 89' lang='lat' dir='ltr'><strong>sit</strong></span> 
     </span>
     <span class='ocr_line' id='line_1_13' title="bbox 532 2221 879 2296; baseline 0 0"><span class='ocrx_word' id='word_1_117' title='bbox 532 2221 879 2296; x_wconf 85' lang='lat' dir='ltr'><strong>reticeam.</strong></span> 
     </span>
    </p>

    <p class='ocr_par' dir='ltr' id='par_1_4' title="bbox 526 2339 3654 3522">
     <span class='ocr_line' id='line_1_14' title="bbox 633 2339 3598 2440; baseline -0.001 -23"><span class='ocrx_word' id='word_1_118' title='bbox 633 2339 909 2418; x_wconf 87' lang='lat' dir='ltr'><strong>Quodsi</strong></span> <span class='ocrx_word' id='word_1_119' title='bbox 990 2339 1151 2438; x_wconf 88' lang='lat' dir='ltr'><strong>quis</strong></span> <span class='ocrx_word' id='word_1_120' title='bbox 1220 2339 1395 2415; x_wconf 83' lang='lat' dir='ltr'><strong>forte</strong></span> <span class='ocrx_word' id='word_1_121' title='bbox 1458 2349 1744 2440; x_wconf 86' lang='lat' dir='ltr'><strong>quaerat</strong></span> <span class='ocrx_word' id='word_1_122' title='bbox 1805 2341 2071 2417; x_wconf 87' lang='lat' dir='ltr'><strong>nihilne</strong></span> <span class='ocrx_word' id='word_1_123' title='bbox 2140 2341 2566 2416; x_wconf 88' lang='lat' dir='ltr'><strong>monendum</strong></span> <span class='ocrx_word' id='word_1_124' title='bbox 2621 2340 2914 2416; x_wconf 87' lang='lat' dir='ltr'><strong>habeam</strong></span> <span class='ocrx_word' id='word_1_125' title='bbox 2969 2341 3060 2414; x_wconf 89' lang='lat' dir='ltr'><strong>de</strong></span> <span class='ocrx_word' id='word_1_126' title='bbox 3113 2351 3422 2415; x_wconf 84' lang='lat' dir='ltr'><strong>veterum</strong></span> <span class='ocrx_word' id='word_1_127' title='bbox 3473 2363 3598 2437; x_wconf 89' lang='lat' dir='ltr'><strong>ap-</strong></span> 
     </span>
     <span class='ocr_line' id='line_1_15' title="bbox 532 2457 3654 2559; baseline 0 -25"><span class='ocrx_word' id='word_1_128' title='bbox 532 2467 784 2559; x_wconf 87' lang='lat' dir='ltr'><strong>paratu</strong></span> <span class='ocrx_word' id='word_1_129' title='bbox 869 2459 1233 2534; x_wconf 86' lang='lat' dir='ltr'><strong>diaetetico</strong></span> <span class='ocrx_word' id='word_1_130' title='bbox 1322 2466 1396 2533; x_wconf 89' lang='lat' dir='ltr'><strong>et</strong></span> <span class='ocrx_word' id='word_1_131' title='bbox 1471 2460 1941 2559; x_wconf 87' lang='lat' dir='ltr'><strong>therapeutico</strong></span> <span class='ocrx_word' id='word_1_132' title='bbox 1961 2519 1983 2549; x_wconf 91' lang='lat'>,</span> <span class='ocrx_word' id='word_1_133' title='bbox 2062 2459 2288 2536; x_wconf 90' lang='lat' dir='ltr'><strong>dicam</strong></span> <span class='ocrx_word' id='word_1_134' title='bbox 2354 2459 2858 2558; x_wconf 86' lang='lat' dir='ltr'><strong>Hippocratem</strong></span> <span class='ocrx_word' id='word_1_135' title='bbox 2931 2459 3080 2534; x_wconf 90' lang='lat' dir='ltr'><strong>sine</strong></span> <span class='ocrx_word' id='word_1_136' title='bbox 3144 2458 3362 2534; x_wconf 90' lang='lat' dir='ltr'><strong>dubio</strong></span> <span class='ocrx_word' id='word_1_137' title='bbox 3379 2517 3402 2548; x_wconf 89' lang='lat'><em>,</em></span> <span class='ocrx_word' id='word_1_138' title='bbox 3473 2457 3654 2534; x_wconf 78' lang='lat' dir='ltr'><strong>sed‘</strong></span> 
     </span>
     <span class='ocr_line' id='line_1_16' title="bbox 533 2576 3596 2679; baseline 0.001 -25"><span class='ocrx_word' id='word_1_139' title='bbox 533 2586 805 2679; x_wconf 88' lang='lat' dir='ltr'><strong>praeter</strong></span> <span class='ocrx_word' id='word_1_140' title='bbox 886 2576 1084 2653; x_wconf 91' lang='lat' dir='ltr'><strong>illum</strong></span> <span class='ocrx_word' id='word_1_141' title='bbox 1161 2578 1335 2655; x_wconf 89' lang='lat' dir='ltr'><strong>alios</strong></span> <span class='ocrx_word' id='word_1_142' title='bbox 1402 2580 1615 2655; x_wconf 90' lang='lat' dir='ltr'><strong>etiam</strong></span> <span class='ocrx_word' id='word_1_143' title='bbox 1634 2637 1655 2668; x_wconf 89' lang='lat'>,</span> <span class='ocrx_word' id='word_1_144' title='bbox 1742 2579 1915 2678; x_wconf 88' lang='lat' dir='ltr'><strong>quid</strong></span> <span class='ocrx_word' id='word_1_145' title='bbox 1984 2579 2331 2655; x_wconf 88' lang='lat' dir='ltr'><strong>efficerent</strong></span> <span class='ocrx_word' id='word_1_146' title='bbox 2400 2588 2589 2655; x_wconf 88' lang='lat' dir='ltr'><strong>certa</strong></span> <span class='ocrx_word' id='word_1_147' title='bbox 2654 2579 2968 2655; x_wconf 87' lang='lat' dir='ltr'><strong>ciborum</strong></span> <span class='ocrx_word' id='word_1_148' title='bbox 2989 2637 3012 2668; x_wconf 87' lang='lat'>,</span> <span class='ocrx_word' id='word_1_149' title='bbox 3077 2579 3596 2678; x_wconf 87' lang='lat' dir='ltr'><strong>potulentorum</strong></span> 
     </span>
     <span class='ocr_line' id='line_1_17' title="bbox 532 2698 3598 2799; baseline 0.001 -27"><span class='ocrx_word' id='word_1_150' title='bbox 532 2721 787 2798; x_wconf 85' lang='lat' dir='ltr'><strong>genera</strong></span> <span class='ocrx_word' id='word_1_151' title='bbox 841 2699 917 2772; x_wconf 90' lang='lat' dir='ltr'><strong>in</strong></span> <span class='ocrx_word' id='word_1_152' title='bbox 990 2698 1177 2774; x_wconf 86' lang='lat' dir='ltr'><strong>sanis</strong></span> <span class='ocrx_word' id='word_1_153' title='bbox 1224 2705 1295 2774; x_wconf 91' lang='lat' dir='ltr'><strong>et</strong></span> <span class='ocrx_word' id='word_1_154' title='bbox 1346 2699 1868 2799; x_wconf 80' lang='lat' dir='ltr'><strong>aegrotantibus</strong></span> <span class='ocrx_word' id='word_1_155' title='bbox 1891 2757 1911 2789; x_wconf 89' lang='lat'>‚</span> <span class='ocrx_word' id='word_1_156' title='bbox 1977 2699 2149 2799; x_wconf 83' lang='lat' dir='ltr'><strong>quid</strong></span> <span class='ocrx_word' id='word_1_157' title='bbox 2199 2704 2486 2799; x_wconf 80' lang='lat' dir='ltr'><strong>agerent</strong></span> <span class='ocrx_word' id='word_1_158' title='bbox 2529 2705 2714 2775; x_wconf 88' lang='lat' dir='ltr'><strong>certa</strong></span> <span class='ocrx_word' id='word_1_159' title='bbox 2763 2699 3270 2774; x_wconf 85' lang='lat' dir='ltr'><strong>medicamenta</strong></span> <span class='ocrx_word' id='word_1_160' title='bbox 3291 2757 3312 2786; x_wconf 89' lang='lat'>,</span> <span class='ocrx_word' id='word_1_161' title='bbox 3362 2698 3598 2774; x_wconf 86' lang='lat' dir='ltr'><strong>obser·</strong></span> 
     </span>
     <span class='ocr_line' id='line_1_18' title="bbox 532 2817 3602 2918; baseline 0 -26"><span class='ocrx_word' id='word_1_162' title='bbox 532 2819 795 2892; x_wconf 66' lang='lat' dir='ltr'><strong>vovisse</strong></span> <span class='ocrx_word' id='word_1_163' title='bbox 854 2825 929 2892; x_wconf 89' lang='lat' dir='ltr'><strong>et</strong></span> <span class='ocrx_word' id='word_1_164' title='bbox 986 2817 1351 2896; x_wconf 83' lang='lat' dir='ltr'><strong>notavisse.</strong></span> <span class='ocrx_word' id='word_1_165' title='bbox 1472 2819 1665 2898; x_wconf 79' lang='lat' dir='ltr'><strong>Quin</strong></span> <span class='ocrx_word' id='word_1_166' title='bbox 1738 2819 1903 2896; x_wconf 87' lang='lat' dir='ltr'><strong>haec</strong></span> <span class='ocrx_word' id='word_1_167' title='bbox 1978 2844 2089 2894; x_wconf 88' lang='lat' dir='ltr'><strong>res</strong></span> <span class='ocrx_word' id='word_1_168' title='bbox 2136 2843 2275 2894; x_wconf 91' lang='lat' dir='ltr'><strong>non</strong></span> <span class='ocrx_word' id='word_1_169' title='bbox 2324 2843 2535 2918; x_wconf 87' lang='lat' dir='ltr'><strong>parva</strong></span> <span class='ocrx_word' id='word_1_170' title='bbox 2582 2843 2742 2918; x_wconf 87' lang='lat' dir='ltr'><strong>pars</strong></span> <span class='ocrx_word' id='word_1_171' title='bbox 2787 2828 2940 2894; x_wconf 87' lang='lat' dir='ltr'><strong>erat</strong></span> <span class='ocrx_word' id='word_1_172' title='bbox 2983 2817 3377 2918; x_wconf 78' lang='lat' dir='ltr'><strong>argumenti</strong></span> <span class='ocrx_word' id='word_1_173' title='bbox 3441 2817 3602 2892; x_wconf 82' lang='lat' dir='ltr'><strong>libri</strong></span> 
     </span>
     <span class='ocr_line' id='line_1_19' title="bbox 530 2935 3600 3038; baseline 0.001 -28"><span class='ocrx_word' id='word_1_174' title='bbox 530 2936 749 3011; x_wconf 77' lang='lat' dir='ltr'><strong>divini</strong></span> <span class='ocrx_word' id='word_1_175' title='bbox 821 2937 1005 3012; x_wconf 85' lang='lat' dir='ltr'><strong>senis</strong></span> <span class='ocrx_word' id='word_1_176' title='bbox 1066 2939 1159 3013; x_wconf 87' lang='lat' dir='ltr'><strong>de</strong></span> <span class='ocrx_word' id='word_1_177' title='bbox 1220 2938 1455 3014; x_wconf 80' lang='lat' dir='ltr'><strong>victus</strong></span> <span class='ocrx_word' id='word_1_178' title='bbox 1520 2938 1807 3014; x_wconf 86' lang='lat' dir='ltr'><strong>ratione.</strong></span> <span class='ocrx_word' id='word_1_179' title='bbox 1930 2940 2199 3014; x_wconf 84' lang='lat' dir='ltr'><strong>Seriore</strong></span> <span class='ocrx_word' id='word_1_180' title='bbox 2270 2963 2425 3014; x_wconf 86' lang='lat' dir='ltr'><strong>vero</strong></span> <span class='ocrx_word' id='word_1_181' title='bbox 2495 2947 2847 3038; x_wconf 84' lang='lat' dir='ltr'><strong>tempore,</strong></span> <span class='ocrx_word' id='word_1_182' title='bbox 2911 2945 3137 3014; x_wconf 78' lang='lat' dir='ltr'><strong>vetere</strong></span> <span class='ocrx_word' id='word_1_183' title='bbox 3183 2935 3600 3012; x_wconf 84' lang='lat' dir='ltr'><strong>observandi</strong></span> 
     </span>
     <span class='ocr_line' id='line_1_20' title="bbox 528 3056 3606 3160; baseline 0 -29"><span class='ocrx_word' id='word_1_184' title='bbox 528 3063 675 3131; x_wconf 79' lang='lat' dir='ltr'><strong>arte</strong></span> <span class='ocrx_word' id='word_1_185' title='bbox 731 3079 951 3157; x_wconf 89' lang='lat' dir='ltr'><strong>paene</strong></span> <span class='ocrx_word' id='word_1_186' title='bbox 1004 3057 1349 3135; x_wconf 76' lang='lat' dir='ltr'><strong>exstincta</strong></span> <span class='ocrx_word' id='word_1_187' title='bbox 1408 3058 1629 3136; x_wconf 83' lang='lat' dir='ltr'><strong>mirae</strong></span> <span class='ocrx_word' id='word_1_188' title='bbox 1652 3118 1672 3149; x_wconf 89' lang='lat'>,</span> <span class='ocrx_word' id='word_1_189' title='bbox 1740 3060 1908 3160; x_wconf 85' lang='lat' dir='ltr'><strong>qu’m</strong></span> <span class='ocrx_word' id='word_1_190' title='bbox 1960 3059 2302 3136; x_wconf 81' lang='lat' dir='ltr'><strong>absurdae</strong></span> <span class='ocrx_word' id='word_1_191' title='bbox 2358 3069 2429 3135; x_wconf 89' lang='lat' dir='ltr'><strong>et</strong></span> <span class='ocrx_word' id='word_1_192' title='bbox 2472 3059 2918 3158; x_wconf 76' lang='lat' dir='ltr'><strong>turpissimae</strong></span> <span class='ocrx_word' id='word_1_193' title='bbox 2965 3059 3140 3134; x_wconf 88' lang='lat' dir='ltr'><strong>adeo</strong></span> <span class='ocrx_word' id='word_1_194' title='bbox 3189 3056 3606 3133; x_wconf 86' lang='lat' dir='ltr'><strong>exstiterunt</strong></span> 
     </span>
     <span class='ocr_line' id='line_1_21' title="bbox 528 3175 3623 3281; baseline 0.002 -32"><span class='ocrx_word' id='word_1_195' title='bbox 528 3176 1189 3281; x_wconf 75' lang='lat' dir='ltr'><strong>medicamentorum</strong></span> <span class='ocrx_word' id='word_1_196' title='bbox 1228 3182 1779 3279; x_wconf 86' lang='lat' dir='ltr'><strong>compositorum</strong></span> <span class='ocrx_word' id='word_1_197' title='bbox 1825 3180 2004 3256; x_wconf 78' lang='lat' dir='ltr'><strong>form</strong></span> <span class='ocrx_word' id='word_1_198' title='bbox 2016 3180 2211 3268; x_wconf 89' lang='lat' dir='ltr'><strong>ulae;</strong></span> <span class='ocrx_word' id='word_1_199' title='bbox 2264 3189 2335 3255; x_wconf 91' lang='lat' dir='ltr'><strong>et</strong></span> <span class='ocrx_word' id='word_1_200' title='bbox 2378 3180 2558 3254; x_wconf 75' lang='lat' dir='ltr'><strong>form</strong></span> <span class='ocrx_word' id='word_1_201' title='bbox 2567 3180 2786 3255; x_wconf 86' lang='lat' dir='ltr'><strong>ularia</strong></span> <span class='ocrx_word' id='word_1_202' title='bbox 2799 3238 2820 3269; x_wconf 89' lang='lat'>,</span> <span class='ocrx_word' id='word_1_203' title='bbox 2870 3224 2970 3241; x_wconf 91' lang='lat'><em>-</em></span> <span class='ocrx_word' id='word_1_204' title='bbox 3001 3175 3623 3277; x_wconf 68' lang='grc' dir='ltr'><strong>φαρμακύηδας,</strong></span> 
     </span>
     <span class='ocr_line' id='line_1_22' title="bbox 526 3294 3600 3400; baseline 0.001 -32"><span class='ocrx_word' id='word_1_205' title='bbox 526 3294 1042 3393; x_wconf 82' lang='lat' dir='ltr'><strong>appellaverunt</strong></span> <span class='ocrx_word' id='word_1_206' title='bbox 1060 3356 1081 3387; x_wconf 87' lang='lat'>,</span> <span class='ocrx_word' id='word_1_207' title='bbox 1166 3340 1269 3361; x_wconf 87' lang='lat'><strong>-··</strong></span> <span class='ocrx_word' id='word_1_208' title='bbox 1338 3299 1555 3375; x_wconf 84' lang='lat' dir='ltr'><strong>literis</strong></span> <span class='ocrx_word' id='word_1_209' title='bbox 1640 3300 1970 3377; x_wconf 85' lang='lat' dir='ltr'><strong>mandata</strong></span> <span class='ocrx_word' id='word_1_210' title='bbox 2044 3309 2211 3375; x_wconf 88' lang='lat' dir='ltr'><strong>sunt</strong></span> <span class='ocrx_word' id='word_1_211' title='bbox 2278 3324 2510 3400; x_wconf 80' lang='lat' dir='ltr'><strong>genus</strong></span> <span class='ocrx_word' id='word_1_212' title='bbox 2591 3299 3053 3374; x_wconf 86' lang='lat' dir='ltr'><strong>remediorum</strong></span> <span class='ocrx_word' id='word_1_213' title='bbox 3125 3297 3600 3386; x_wconf 85' lang='lat' dir='ltr'><strong>continentia,</strong></span> 
     </span>
     <span class='ocr_line' id='line_1_23' title="bbox 527 3415 3388 3522; baseline 0.001 -33"><span class='ocrx_word' id='word_1_214' title='bbox 527 3415 729 3512; x_wconf 90' lang='lat' dir='ltr'><strong>quale</strong></span> <span class='ocrx_word' id='word_1_215' title='bbox 768 3416 967 3514; x_wconf 89' lang='lat' dir='ltr'><strong>plebs</strong></span> <span class='ocrx_word' id='word_1_216' title='bbox 1010 3420 1229 3493; x_wconf 84' lang='lat' dir='ltr'><strong>nostri</strong></span> <span class='ocrx_word' id='word_1_217' title='bbox 1282 3421 1433 3497; x_wconf 86' lang='lat' dir='ltr'><strong>aevi</strong></span> <span class='ocrx_word' id='word_1_218' title='bbox 1474 3430 1547 3495; x_wconf 88' lang='lat' dir='ltr'><strong>et</strong></span> <span class='ocrx_word' id='word_1_219' title='bbox 1596 3430 1872 3497; x_wconf 77' lang='lat' dir='ltr'><strong>nostrae</strong></span> <span class='ocrx_word' id='word_1_220' title='bbox 1921 3421 2221 3522; x_wconf 79' lang='lat' dir='ltr'><strong>regionis</strong></span> <span class='ocrx_word' id='word_1_221' title='bbox 2262 3421 2671 3496; x_wconf 87' lang='lat' dir='ltr'><strong>etiamnunc</strong></span> <span class='ocrx_word' id='word_1_222' title='bbox 2714 3420 3038 3495; x_wconf 81' lang='lat' dir='ltr'><strong>devorare</strong></span> <span class='ocrx_word' id='word_1_223' title='bbox 3089 3418 3388 3493; x_wconf 86' lang='lat' dir='ltr'><strong>deamat.</strong></span> 
     </span>
    </p>

    <p class='ocr_par' dir='ltr' id='par_1_5' title="bbox 525 3534 3597 4959">
     <span class='ocr_line' id='line_1_24' title="bbox 624 3534 3597 3641; baseline -0 -33"><span class='ocrx_word' id='word_1_224' title='bbox 624 3536 873 3635; x_wconf 71' lang='lat' dir='ltr'><strong>Itaque</strong></span> <span class='ocrx_word' id='word_1_225' title='bbox 936 3539 1219 3637; x_wconf 79' lang='lat' dir='ltr'><strong>perveni</strong></span> <span class='ocrx_word' id='word_1_226' title='bbox 1289 3541 1383 3615; x_wconf 89' lang='lat' dir='ltr'><strong>ad</strong></span> <span class='ocrx_word' id='word_1_227' title='bbox 1448 3548 1752 3629; x_wconf 88' lang='lat' dir='ltr'><strong>metam,</strong></span> <span class='ocrx_word' id='word_1_228' title='bbox 1816 3566 2033 3641; x_wconf 87' lang='lat' dir='ltr'><strong>quam</strong></span> <span class='ocrx_word' id='word_1_229' title='bbox 2114 3542 2288 3617; x_wconf 90' lang='lat' dir='ltr'><strong>mihi</strong></span> <span class='ocrx_word' id='word_1_230' title='bbox 2362 3541 2602 3639; x_wconf 88' lang='lat' dir='ltr'><strong>posui,</strong></span> <span class='ocrx_word' id='word_1_231' title='bbox 2677 3548 2748 3614; x_wconf 92' lang='lat' dir='ltr'><strong>et</strong></span> <span class='ocrx_word' id='word_1_232' title='bbox 2821 3539 3112 3613; x_wconf 84' lang='lat' dir='ltr'><strong>summis</strong></span> <span class='ocrx_word' id='word_1_233' title='bbox 3172 3534 3597 3635; x_wconf 83' lang='lat' dir='ltr'><strong>quibusdam</strong></span> 
     </span>
     <span class='ocr_line' id='line_1_25' title="bbox 526 3652 3594 3759; baseline 0 -32"><span class='ocrx_word' id='word_1_234' title='bbox 526 3652 961 3730; x_wconf 82' lang='lat' dir='ltr'><strong>lineamentis</strong></span> <span class='ocrx_word' id='word_1_235' title='bbox 1027 3658 1221 3733; x_wconf 81' lang='lat' dir='ltr'><strong>vobis</strong></span> <span class='ocrx_word' id='word_1_236' title='bbox 1270 3682 1653 3758; x_wconf 86' lang='lat' dir='ltr'><strong>proponere</strong></span> <span class='ocrx_word' id='word_1_237' title='bbox 1704 3670 1996 3735; x_wconf 84' lang='lat' dir='ltr'><strong>conatus</strong></span> <span class='ocrx_word' id='word_1_238' title='bbox 2058 3684 2215 3735; x_wconf 82' lang='lat' dir='ltr'><strong>sum</strong></span> <span class='ocrx_word' id='word_1_239' title='bbox 2242 3718 2261 3749; x_wconf 91' lang='lat'>‚</span> <span class='ocrx_word' id='word_1_240' title='bbox 2313 3662 2439 3759; x_wconf 88' lang='lat' dir='ltr'><strong>qui</strong></span> <span class='ocrx_word' id='word_1_241' title='bbox 2485 3669 2560 3735; x_wconf 86' lang='lat' dir='ltr'><strong>et</strong></span> <span class='ocrx_word' id='word_1_242' title='bbox 2616 3660 2856 3758; x_wconf 90' lang='lat' dir='ltr'><strong>quales</strong></span> <span class='ocrx_word' id='word_1_243' title='bbox 2896 3658 3200 3745; x_wconf 86' lang='lat' dir='ltr'><strong>fuerint,</strong></span> <span class='ocrx_word' id='word_1_244' title='bbox 3252 3657 3374 3755; x_wconf 91' lang='lat' dir='ltr'><strong>qui</strong></span> <span class='ocrx_word' id='word_1_245' title='bbox 3417 3654 3594 3729; x_wconf 85' lang='lat' dir='ltr'><strong>anti-</strong></span> 
     </span>
     <span class='ocr_line' id='line_1_26' title="bbox 529 3773 3589 3883; baseline -0 -36"><span class='ocrx_word' id='word_1_246' title='bbox 529 3797 671 3871; x_wconf 91' lang='lat' dir='ltr'><strong>quo</strong></span> <span class='ocrx_word' id='word_1_247' title='bbox 727 3782 1039 3873; x_wconf 86' lang='lat' dir='ltr'><strong>tempore</strong></span> <span class='ocrx_word' id='word_1_248' title='bbox 1068 3778 1515 3883; x_wconf 39' lang='lat' dir='ltr'><strong>‚medicinam</strong></span> <span class='ocrx_word' id='word_1_249' title='bbox 1558 3781 2217 3879; x_wconf 87' lang='lat' dir='ltr'><strong>quomodocumque</strong></span> <span class='ocrx_word' id='word_1_250' title='bbox 2263 3780 2649 3867; x_wconf 82' lang='lat' dir='ltr'><strong>coluerint,</strong></span> <span class='ocrx_word' id='word_1_251' title='bbox 2693 3788 2772 3851; x_wconf 86' lang='lat' dir='ltr'><strong>et</strong></span> <span class='ocrx_word' id='word_1_252' title='bbox 2821 3777 2995 3875; x_wconf 90' lang='lat' dir='ltr'><strong>quid</strong></span> <span class='ocrx_word' id='word_1_253' title='bbox 3045 3777 3122 3850; x_wconf 87' lang='lat' dir='ltr'><strong>in</strong></span> <span class='ocrx_word' id='word_1_254' title='bbox 3169 3800 3251 3849; x_wconf 91' lang='lat' dir='ltr'><strong>ea</strong></span> <span class='ocrx_word' id='word_1_255' title='bbox 3303 3773 3589 3873; x_wconf 78' lang='lat' dir='ltr'><strong>praesti-</strong></span> 
     </span>
     <span class='ocr_line' id='line_1_27' title="bbox 530 3892 3589 3997; baseline 0 -31"><span class='ocrx_word' id='word_1_256' title='bbox 530 3892 758 3968; x_wconf 88' lang='lat' dir='ltr'><strong>terint.</strong></span> <span class='ocrx_word' id='word_1_257' title='bbox 860 3894 1172 3969; x_wconf 78' lang='lat' dir='ltr'><strong>Iudicavi</strong></span> <span class='ocrx_word' id='word_1_258' title='bbox 1233 3898 1490 3995; x_wconf 85' lang='lat' dir='ltr'><strong>passim</strong></span> <span class='ocrx_word' id='word_1_259' title='bbox 1513 3958 1534 3987; x_wconf 89' lang='lat'>,</span> <span class='ocrx_word' id='word_1_260' title='bbox 1600 3923 1783 3997; x_wconf 91' lang='lat' dir='ltr'><strong>quae</strong></span> <span class='ocrx_word' id='word_1_261' title='bbox 1821 3899 2077 3974; x_wconf 80' lang='lat' dir='ltr'><strong>futuris</strong></span> <span class='ocrx_word' id='word_1_262' title='bbox 2125 3900 2417 3974; x_wconf 85' lang='lat' dir='ltr'><strong>saeculis</strong></span> <span class='ocrx_word' id='word_1_263' title='bbox 2468 3898 2778 3972; x_wconf 75' lang='lat' dir='ltr'><strong>fructum</strong></span> <span class='ocrx_word' id='word_1_264' title='bbox 2821 3896 3148 3983; x_wconf 89' lang='lat' dir='ltr'><strong>tulerint,</strong></span> <span class='ocrx_word' id='word_1_265' title='bbox 3197 3917 3376 3992; x_wconf 89' lang='lat' dir='ltr'><strong>quae</strong></span> <span class='ocrx_word' id='word_1_266' title='bbox 3423 3918 3589 3967; x_wconf 83' lang='lat' dir='ltr'><strong>non.</strong></span> 
     </span>
     <span class='ocr_line' id='line_1_28' title="bbox 526 4012 3588 4118; baseline 0.001 -34"><span class='ocrx_word' id='word_1_267' title='bbox 526 4012 680 4087; x_wconf 82' lang='lat' dir='ltr'><strong>Iam</strong></span> <span class='ocrx_word' id='word_1_268' title='bbox 738 4013 1027 4113; x_wconf 84' lang='lat' dir='ltr'><strong>antiquo</strong></span> <span class='ocrx_word' id='word_1_269' title='bbox 1094 4015 1213 4090; x_wconf 91' lang='lat' dir='ltr'><strong>illo</strong></span> <span class='ocrx_word' id='word_1_270' title='bbox 1268 4040 1437 4091; x_wconf 85' lang='lat' dir='ltr'><strong>aevo</strong></span> <span class='ocrx_word' id='word_1_271' title='bbox 1486 4026 1775 4117; x_wconf 82' lang='lat' dir='ltr'><strong>apparet</strong></span> <span class='ocrx_word' id='word_1_272' title='bbox 1822 4020 2017 4118; x_wconf 91' lang='lat' dir='ltr'><strong>quod</strong></span> <span class='ocrx_word' id='word_1_273' title='bbox 2061 4042 2185 4117; x_wconf 89' lang='lat' dir='ltr'><strong>per</strong></span> <span class='ocrx_word' id='word_1_274' title='bbox 2238 4018 2700 4117; x_wconf 72' lang='lat' dir='ltr'><strong>posteriorum</strong></span> <span class='ocrx_word' id='word_1_275' title='bbox 2741 4016 3170 4090; x_wconf 86' lang='lat' dir='ltr'><strong>saeculorum</strong></span> <span class='ocrx_word' id='word_1_276' title='bbox 3216 4014 3588 4088; x_wconf 86' lang='lat' dir='ltr'><strong>decursum</strong></span> 
     </span>
     <span class='ocr_line' id='line_1_29' title="bbox 526 4132 3586 4237; baseline 0 -32"><span class='ocrx_word' id='word_1_277' title='bbox 526 4132 693 4207; x_wconf 83' lang='lat' dir='ltr'><strong>item</strong></span> <span class='ocrx_word' id='word_1_278' title='bbox 754 4142 993 4209; x_wconf 86' lang='lat' dir='ltr'><strong>notare</strong></span> <span class='ocrx_word' id='word_1_279' title='bbox 1064 4134 1223 4211; x_wconf 87' lang='lat' dir='ltr'><strong>licet</strong></span> <span class='ocrx_word' id='word_1_280' title='bbox 1240 4196 1260 4226; x_wconf 90' lang='lat'>‚</span> <span class='ocrx_word' id='word_1_281' title='bbox 1324 4146 1511 4213; x_wconf 85' lang='lat' dir='ltr'><strong>recte</strong></span> <span class='ocrx_word' id='word_1_282' title='bbox 1579 4138 1989 4214; x_wconf 83' lang='lat' dir='ltr'><strong>observandi</strong></span> <span class='ocrx_word' id='word_1_283' title='bbox 2044 4149 2265 4215; x_wconf 84' lang='lat' dir='ltr'><strong>artem</strong></span> <span class='ocrx_word' id='word_1_284' title='bbox 2322 4139 2642 4237; x_wconf 85' lang='lat' dir='ltr'><strong>princeps</strong></span> <span class='ocrx_word' id='word_1_285' title='bbox 2695 4158 2846 4209; x_wconf 87' lang='lat' dir='ltr'><strong>esse</strong></span> <span class='ocrx_word' id='word_1_286' title='bbox 2885 4132 3304 4210; x_wconf 81' lang='lat' dir='ltr'><strong>medicinam</strong></span> <span class='ocrx_word' id='word_1_287' title='bbox 3347 4156 3586 4230; x_wconf 83' lang='lat' dir='ltr'><strong>prove-</strong></span> 
     </span>
     <span class='ocr_line' id='line_1_30' title="bbox 526 4250 3584 4348; baseline 0 -24"><span class='ocrx_word' id='word_1_288' title='bbox 526 4250 739 4327; x_wconf 90' lang='lat' dir='ltr'><strong>hendi</strong></span> <span class='ocrx_word' id='word_1_289' title='bbox 800 4254 1393 4348; x_wconf 77' lang='lat' dir='ltr'><strong>instrumentum3</strong></span> <span class='ocrx_word' id='word_1_290' title='bbox 1458 4258 1883 4333; x_wconf 87' lang='lat' dir='ltr'><strong>theoremata</strong></span> <span class='ocrx_word' id='word_1_291' title='bbox 1946 4260 2131 4334; x_wconf 79' lang='lat' dir='ltr'><strong>varia</strong></span> <span class='ocrx_word' id='word_1_292' title='bbox 2184 4266 2258 4332; x_wconf 89' lang='lat' dir='ltr'><strong>et</strong></span> <span class='ocrx_word' id='word_1_293' title='bbox 2314 4255 2686 4332; x_wconf 87' lang='lat' dir='ltr'><strong>mutabilia</strong></span> <span class='ocrx_word' id='word_1_294' title='bbox 2737 4262 2809 4329; x_wconf 91' lang='lat' dir='ltr'><strong>et</strong></span> <span class='ocrx_word' id='word_1_295' title='bbox 2855 4254 3116 4328; x_wconf 87' lang='lat' dir='ltr'><strong>caduca</strong></span> <span class='ocrx_word' id='word_1_296' title='bbox 3161 4276 3348 4338; x_wconf 80' lang='lat' dir='ltr'><strong>esse3</strong></span> <span class='ocrx_word' id='word_1_297' title='bbox 3399 4262 3584 4326; x_wconf 87' lang='lat' dir='ltr'><strong>recte</strong></span> 
     </span>
     <span class='ocr_line' id='line_1_31' title="bbox 526 4370 3584 4476; baseline -0 -33"><span class='ocrx_word' id='word_1_298' title='bbox 526 4370 883 4451; x_wconf 77' lang='lat' dir='ltr'><strong>observata</strong></span> <span class='ocrx_word' id='word_1_299' title='bbox 934 4400 1059 4476; x_wconf 89' lang='lat' dir='ltr'><strong>per</strong></span> <span class='ocrx_word' id='word_1_300' title='bbox 1100 4400 1309 4452; x_wconf 88' lang='lat' dir='ltr'><strong>omne</strong></span> <span class='ocrx_word' id='word_1_301' title='bbox 1352 4402 1599 4454; x_wconf 79' lang='lat' dir='ltr'><strong>aevum</strong></span> <span class='ocrx_word' id='word_1_302' title='bbox 1650 4402 1801 4453; x_wconf 89' lang='lat' dir='ltr'><strong>esse</strong></span> <span class='ocrx_word' id='word_1_303' title='bbox 1848 4379 2199 4455; x_wconf 79' lang='lat' dir='ltr'><strong>duratura.</strong></span> <span class='ocrx_word' id='word_1_304' title='bbox 2304 4377 2581 4458; x_wconf 86' lang='lat' dir='ltr'><strong>Quodsi</strong></span> <span class='ocrx_word' id='word_1_305' title='bbox 2629 4377 2739 4450; x_wconf 82' lang='lat' dir='ltr'><strong>vel</strong></span> <span class='ocrx_word' id='word_1_306' title='bbox 2776 4374 2942 4449; x_wconf 90' lang='lat' dir='ltr'><strong>haec</strong></span> <span class='ocrx_word' id='word_1_307' title='bbox 2985 4379 3258 4447; x_wconf 84' lang='lat' dir='ltr'><strong>tantum</strong></span> <span class='ocrx_word' id='word_1_308' title='bbox 3301 4370 3584 4444; x_wconf 87' lang='lat' dir='ltr'><strong>historia</strong></span> 
     </span>
     <span class='ocr_line' id='line_1_32' title="bbox 526 4490 3572 4599; baseline 0 -36"><span class='ocrx_word' id='word_1_309' title='bbox 526 4490 705 4565; x_wconf 87' lang='lat' dir='ltr'><strong>duce</strong></span> <span class='ocrx_word' id='word_1_310' title='bbox 764 4491 1225 4587; x_wconf 80' lang='lat' dir='ltr'><strong>disceremus,</strong></span> <span class='ocrx_word' id='word_1_311' title='bbox 1288 4497 1443 4573; x_wconf 81' lang='lat' dir='ltr'><strong>eius</strong></span> <span class='ocrx_word' id='word_1_312' title='bbox 1502 4499 1812 4575; x_wconf 82' lang='lat' dir='ltr'><strong>studium</strong></span> <span class='ocrx_word' id='word_1_313' title='bbox 1872 4524 2100 4599; x_wconf 88' lang='lat' dir='ltr'><strong>neque</strong></span> <span class='ocrx_word' id='word_1_314' title='bbox 2140 4500 2437 4574; x_wconf 82' lang='lat' dir='ltr'><strong>otiosum</strong></span> <span class='ocrx_word' id='word_1_315' title='bbox 2461 4556 2480 4585; x_wconf 90' lang='lat'>,</span> <span class='ocrx_word' id='word_1_316' title='bbox 2541 4520 2768 4593; x_wconf 88' lang='lat' dir='ltr'><strong>neque</strong></span> <span class='ocrx_word' id='word_1_317' title='bbox 2818 4492 3322 4568; x_wconf 70' lang='lat' dir='ltr'><strong>infructuosum</strong></span> <span class='ocrx_word' id='word_1_318' title='bbox 3369 4496 3572 4563; x_wconf 87' lang='lat' dir='ltr'><strong>esset.</strong></span> 
     </span>
     <span class='ocr_line' id='line_1_33' title="bbox 527 4607 3575 4716; baseline -0 -32"><span class='ocrx_word' id='word_1_319' title='bbox 527 4611 889 4687; x_wconf 88' lang='lat' dir='ltr'><strong>Praeterea</strong></span> <span class='ocrx_word' id='word_1_320' title='bbox 956 4638 1110 4689; x_wconf 86' lang='lat' dir='ltr'><strong>vero</strong></span> <span class='ocrx_word' id='word_1_321' title='bbox 1165 4618 1289 4715; x_wconf 91' lang='lat' dir='ltr'><strong>qui</strong></span> <span class='ocrx_word' id='word_1_322' title='bbox 1354 4643 1509 4693; x_wconf 89' lang='lat' dir='ltr'><strong>eam</strong></span> <span class='ocrx_word' id='word_1_323' title='bbox 1560 4619 1723 4693; x_wconf 91' lang='lat' dir='ltr'><strong>colit</strong></span> <span class='ocrx_word' id='word_1_324' title='bbox 1766 4642 1926 4693; x_wconf 92' lang='lat' dir='ltr'><strong>cum</strong></span> <span class='ocrx_word' id='word_1_325' title='bbox 1974 4619 2374 4716; x_wconf 87' lang='lat' dir='ltr'><strong>quorumvis</strong></span> <span class='ocrx_word' id='word_1_326' title='bbox 2431 4626 2822 4715; x_wconf 87' lang='lat' dir='ltr'><strong>temporum</strong></span> <span class='ocrx_word' id='word_1_327' title='bbox 2877 4611 3036 4685; x_wconf 83' lang='lat' dir='ltr'><strong>viris</strong></span> <span class='ocrx_word' id='word_1_328' title='bbox 3077 4607 3575 4683; x_wconf 82' lang='lat' dir='ltr'><strong>excellentibus</strong></span> 
     </span>
     <span class='ocr_line' id='line_1_34' title="bbox 527 4728 3570 4835; baseline 0 -31"><span class='ocrx_word' id='word_1_329' title='bbox 527 4728 694 4804; x_wconf 81' lang='lat' dir='ltr'><strong>vivit</strong></span> <span class='ocrx_word' id='word_1_330' title='bbox 750 4754 1009 4830; x_wconf 83' lang='lat' dir='ltr'><strong>eosque</strong></span> <span class='ocrx_word' id='word_1_331' title='bbox 1074 4734 1147 4807; x_wconf 90' lang='lat' dir='ltr'><strong>in</strong></span> <span class='ocrx_word' id='word_1_332' title='bbox 1205 4738 1358 4835; x_wconf 89' lang='lat' dir='ltr'><strong>ipso</strong></span> <span class='ocrx_word' id='word_1_333' title='bbox 1408 4761 1619 4835; x_wconf 87' lang='lat' dir='ltr'><strong>opere</strong></span> <span class='ocrx_word' id='word_1_334' title='bbox 1678 4737 2043 4813; x_wconf 85' lang='lat' dir='ltr'><strong>aestimare</strong></span> <span class='ocrx_word' id='word_1_335' title='bbox 2096 4738 2324 4813; x_wconf 83' lang='lat' dir='ltr'><strong>discit.</strong></span> <span class='ocrx_word' id='word_1_336' title='bbox 2426 4738 2584 4812; x_wconf 92' lang='lat' dir='ltr'><strong>Hoc</strong></span> <span class='ocrx_word' id='word_1_337' title='bbox 2631 4735 2912 4834; x_wconf 91' lang='lat' dir='ltr'><strong>quidem</strong></span> <span class='ocrx_word' id='word_1_338' title='bbox 2965 4728 3244 4805; x_wconf 75' lang='lat' dir='ltr'><strong>nomine</strong></span> <span class='ocrx_word' id='word_1_339' title='bbox 3301 4752 3570 4827; x_wconf 87' lang='lat' dir='ltr'><strong>semper</strong></span> 
     </span>
     <span class='ocr_line' id='line_1_35' title="bbox 525 4849 3566 4959; baseline 0.004 -34"><span class='ocrx_word' id='word_1_340' title='bbox 525 4874 607 4925; x_wconf 88' lang='lat' dir='ltr'><strong>ea</strong></span> <span class='ocrx_word' id='word_1_341' title='bbox 658 4873 815 4925; x_wconf 86' lang='lat' dir='ltr'><strong>sum</strong></span> <span class='ocrx_word' id='word_1_342' title='bbox 871 4852 1273 4931; x_wconf 82' lang='lat' dir='ltr'><strong>delectatus.</strong></span> <span class='ocrx_word' id='word_1_343' title='bbox 1376 4857 1801 4957; x_wconf 83' lang='lat' dir='ltr'><strong>Magnopere</strong></span> <span class='ocrx_word' id='word_1_344' title='bbox 1848 4882 2013 4932; x_wconf 82' lang='lat' dir='ltr'><strong>sane</strong></span> <span class='ocrx_word' id='word_1_345' title='bbox 2070 4882 2181 4933; x_wconf 90' lang='lat' dir='ltr'><strong>me</strong></span> <span class='ocrx_word' id='word_1_346' title='bbox 2234 4859 2417 4959; x_wconf 91' lang='lat' dir='ltr'><strong>cepit</strong></span> <span class='ocrx_word' id='word_1_347' title='bbox 2466 4857 2778 4931; x_wconf 80' lang='lat' dir='ltr'><strong>studium</strong></span> <span class='ocrx_word' id='word_1_348' title='bbox 2828 4849 3307 4952; x_wconf 73' lang='lat' dir='ltr'><strong>Hippocratis,</strong></span> <span class='ocrx_word' id='word_1_349' title='bbox 3357 4872 3566 4947; x_wconf 70' lang='lat' dir='ltr'><strong>quem</strong></span> 
     </span>
    </p>
   </div>
  </div>
 </body>
</html>
