<?xml version="1.0" encoding="UTF-8"?>
<!DOCTYPE html PUBLIC "-//W3C//DTD XHTML 1.0 Transitional//EN"
    "http://www.w3.org/TR/xhtml1/DTD/xhtml1-transitional.dtd">
<html xmlns="http://www.w3.org/1999/xhtml" xml:lang="en" lang="en">
 <head>
  <title>
</title>
<meta http-equiv="Content-Type" content="text/html;charset=utf-8" />
  <meta name='ocr-system' content='tesseract 3.04.00' />
  <meta name='ocr-capabilities' content='ocr_page ocr_carea ocr_par ocr_line ocrx_word'/>
</head>
<body>
  <div class='ocr_page' id='page_1' title='image "annalesacademic19unkngoog_0113.png"; bbox 0 0 4942 6175; ppageno 0'>
   <div class='ocr_carea' id='block_1_1' title="bbox 1731 689 3538 779">
    <p class='ocr_par' dir='ltr' id='par_1_1' title="bbox 1731 689 3538 779">
     <span class='ocr_line' id='line_1_1' title="bbox 1731 689 3538 779; baseline 0.004 -22"><span class='ocrx_word' id='word_1_1' title='bbox 1731 689 2270 761; x_wconf 65' lang='lat' dir='ltr'><strong>olsrle.</strong></span> <span class='ocrx_word' id='word_1_2' title='bbox 3438 698 3538 779; x_wconf 63' lang='lat'><strong>993</strong></span> 
     </span>
    </p>
   </div>
   <div class='ocr_carea' id='block_1_2' title="bbox 471 897 3525 2443">
    <p class='ocr_par' dir='ltr' id='par_1_2' title="bbox 471 897 3525 2443">
     <span class='ocr_line' id='line_1_2' title="bbox 579 897 3521 1003; baseline 0.001 -24"><span class='ocrx_word' id='word_1_3' title='bbox 579 900 788 979; x_wconf 72' lang='lat' dir='ltr'><strong>Ome</strong></span> <span class='ocrx_word' id='word_1_4' title='bbox 845 897 1282 999; x_wconf 74' lang='lat' dir='ltr'><strong>legislatoris·</strong></span> <span class='ocrx_word' id='word_1_5' title='bbox 1313 899 1740 1003; x_wconf 75' lang='lat' dir='ltr'><strong>negligentie</strong></span> <span class='ocrx_word' id='word_1_6' title='bbox 1800 926 2020 1003; x_wconf 83' lang='lat' dir='ltr'><strong>quum</strong></span> <span class='ocrx_word' id='word_1_7' title='bbox 2059 901 2234 977; x_wconf 76' lang='lat' dir='ltr'><strong>mihi</strong></span> <span class='ocrx_word' id='word_1_8' title='bbox 2281 900 2595 977; x_wconf 79' lang='lat' dir='ltr'><strong>videatur</strong></span> <span class='ocrx_word' id='word_1_9' title='bbox 2638 900 3213 1003; x_wconf 80' lang='lat' dir='ltr'><strong>perniciosissima</strong></span> <span class='ocrx_word' id='word_1_10' title='bbox 3226 955 3270 995; x_wconf 84' lang='lat'><strong>,-</strong></span> <span class='ocrx_word' id='word_1_11' title='bbox 3300 924 3521 1003; x_wconf 70' lang='lat' dir='ltr'><strong>quum</strong></span> 
     </span>
     <span class='ocr_line' id='line_1_3' title="bbox 479 1019 3522 1123; baseline 0.002 -26"><span class='ocrx_word' id='word_1_12' title='bbox 479 1020 751 1113; x_wconf 79' lang='lat' dir='ltr'><strong>omnia,</strong></span> <span class='ocrx_word' id='word_1_13' title='bbox 811 1045 995 1122; x_wconf 79' lang='lat' dir='ltr'><strong>quae</strong></span> <span class='ocrx_word' id='word_1_14' title='bbox 1057 1019 1429 1121; x_wconf 75' lang='lat' dir='ltr'><strong>Savignius</strong></span> <span class='ocrx_word' id='word_1_15' title='bbox 1491 1046 1576 1097; x_wconf 80' lang='lat' dir='ltr'><strong>ex</strong></span> <span class='ocrx_word' id='word_1_16' title='bbox 1643 1021 1981 1099; x_wconf 77' lang='lat' dir='ltr'><strong>Codicum</strong></span> <span class='ocrx_word' id='word_1_17' title='bbox 2047 1022 2470 1099; x_wconf 75' lang='lat' dir='ltr'><strong>confectione</strong></span> <span class='ocrx_word' id='word_1_18' title='bbox 2529 1022 2789 1100; x_wconf 81' lang='lat' dir='ltr'><strong>oritura</strong></span> <span class='ocrx_word' id='word_1_19' title='bbox 2833 1022 3215 1123; x_wconf 71' lang='lat' dir='ltr'><strong>praedixit,</strong></span> <span class='ocrx_word' id='word_1_20' title='bbox 3256 1024 3522 1101; x_wconf 83' lang='lat' dir='ltr'><strong>incom-</strong></span> 
     </span>
     <span class='ocr_line' id='line_1_4' title="bbox 479 1140 3523 1244; baseline 0.001 -27"><span class='ocrx_word' id='word_1_21' title='bbox 479 1141 694 1217; x_wconf 81' lang='lat' dir='ltr'><strong>moda</strong></span> <span class='ocrx_word' id='word_1_22' title='bbox 743 1146 818 1217; x_wconf 78' lang='lat' dir='ltr'><strong>et</strong></span> <span class='ocrx_word' id='word_1_23' title='bbox 881 1166 1072 1218; x_wconf 81' lang='lat' dir='ltr'><strong>nnnc</strong></span> <span class='ocrx_word' id='word_1_24' title='bbox 1133 1140 1272 1218; x_wconf 86' lang='lat' dir='ltr'><strong>iam</strong></span> <span class='ocrx_word' id='word_1_25' title='bbox 1345 1142 1770 1232; x_wconf 74' lang='lat' dir='ltr'><strong>sentiantur,-</strong></span> <span class='ocrx_word' id='word_1_26' title='bbox 1845 1150 1960 1231; x_wconf 76' lang='lat' dir='ltr'><strong>et,</strong></span> <span class='ocrx_word' id='word_1_27' title='bbox 2017 1142 2152 1217; x_wconf 79' lang='lat' dir='ltr'><strong>nisi</strong></span> <span class='ocrx_word' id='word_1_28' title='bbox 2195 1168 2406 1242; x_wconf 81' lang='lat' dir='ltr'><strong>quam</strong></span> <span class='ocrx_word' id='word_1_29' title='bbox 2457 1144 2769 1244; x_wconf 80' lang='lat' dir='ltr'><strong>primum.</strong></span> <span class='ocrx_word' id='word_1_30' title='bbox 2810 1144 2898 1221; x_wconf 87' lang='lat' dir='ltr'><strong>iis</strong></span> <span class='ocrx_word' id='word_1_31' title='bbox 2944 1152 3377 1235; x_wconf 79' lang='lat' dir='ltr'><strong>occurratur,</strong></span> <span class='ocrx_word' id='word_1_32' title='bbox 3443 1146 3523 1221; x_wconf 78' lang='lat' dir='ltr'><strong>in</strong></span> 
     </span>
     <span class='ocr_line' id='line_1_5' title="bbox 481 1260 3521 1360; baseline 0.003 -25"><span class='ocrx_word' id='word_1_33' title='bbox 481 1260 668 1336; x_wconf 88' lang='lat' dir='ltr'><strong>diem</strong></span> <span class='ocrx_word' id='word_1_34' title='bbox 735 1260 980 1337; x_wconf 78' lang='lat' dir='ltr'><strong>futura</strong></span> <span class='ocrx_word' id='word_1_35' title='bbox 1027 1260 1168 1336; x_wconf 74' lang='lat' dir='ltr'><strong>sint</strong></span> <span class='ocrx_word' id='word_1_36' title='bbox 1226 1260 1524 1350; x_wconf 79' lang='lat' dir='ltr'><strong>maiora,</strong></span> <span class='ocrx_word' id='word_1_37' title='bbox 1583 1260 1776 1335; x_wconf 82' lang='lat' dir='ltr'><strong>nulle</strong></span> <span class='ocrx_word' id='word_1_38' title='bbox 1819 1262 1890 1335; x_wconf 88' lang='lat' dir='ltr'><strong>in</strong></span> <span class='ocrx_word' id='word_1_39' title='bbox 1945 1270 2357 1360; x_wconf 82' lang='lat' dir='ltr'><strong>argumento</strong></span> <span class='ocrx_word' id='word_1_40' title='bbox 2399 1287 2633 1339; x_wconf 79' lang='lat' dir='ltr'><strong>meam</strong></span> <span class='ocrx_word' id='word_1_41' title='bbox 2672 1264 3101 1341; x_wconf 74' lang='lat' dir='ltr'><strong>commodius</strong></span> <span class='ocrx_word' id='word_1_42' title='bbox 3140 1266 3521 1343; x_wconf 69' lang='lat' dir='ltr'><strong>orationem</strong></span> 
     </span>
     <span class='ocr_line' id='line_1_6' title="bbox 480 1380 3525 1486; baseline 0.002 -31"><span class='ocrx_word' id='word_1_43' title='bbox 480 1382 734 1457; x_wconf 74' lang='lat' dir='ltr'><strong>versari</strong></span> <span class='ocrx_word' id='word_1_44' title='bbox 797 1406 1008 1481; x_wconf 80' lang='lat' dir='ltr'><strong>posse</strong></span> <span class='ocrx_word' id='word_1_45' title='bbox 1063 1380 1396 1471; x_wconf 80' lang='lat' dir='ltr'><strong>arbitror,</strong></span> <span class='ocrx_word' id='word_1_46' title='bbox 1459 1404 1674 1479; x_wconf 82' lang='lat' dir='ltr'><strong>quam</strong></span> <span class='ocrx_word' id='word_1_47' title='bbox 1741 1380 1802 1455; x_wconf 86' lang='lat' dir='ltr'><strong>si</strong></span> <span class='ocrx_word' id='word_1_48' title='bbox 1852 1380 2024 1480; x_wconf 85' lang='lat' dir='ltr'><strong>quid</strong></span> <span class='ocrx_word' id='word_1_49' title='bbox 2076 1406 2404 1479; x_wconf 84' lang='lat' dir='ltr'><strong>praesens</strong></span> <span class='ocrx_word' id='word_1_50' title='bbox 2459 1382 2631 1457; x_wconf 89' lang='lat' dir='ltr'><strong>iuris</strong></span> <span class='ocrx_word' id='word_1_51' title='bbox 2682 1384 2987 1459; x_wconf 76' lang='lat' dir='ltr'><strong>conditio</strong></span> <span class='ocrx_word' id='word_1_52' title='bbox 3045 1411 3088 1461; x_wconf 87' lang='lat' dir='ltr'><strong>a</strong></span> <span class='ocrx_word' id='word_1_53' title='bbox 3134 1386 3525 1486; x_wconf 71' lang='lat' dir='ltr'><strong>legislatore</strong></span> 
     </span>
     <span class='ocr_line' id='line_1_7' title="bbox 478 1500 3523 1603; baseline 0.002 -28"><span class='ocrx_word' id='word_1_54' title='bbox 478 1500 796 1601; x_wconf 77' lang='lat' dir='ltr'><strong>flagitare</strong></span> <span class='ocrx_word' id='word_1_55' title='bbox 855 1500 1036 1575; x_wconf 80' lang='lat' dir='ltr'><strong>mihi</strong></span> <span class='ocrx_word' id='word_1_56' title='bbox 1097 1500 1411 1575; x_wconf 79' lang='lat' dir='ltr'><strong>videatur</strong></span> <span class='ocrx_word' id='word_1_57' title='bbox 1481 1526 1607 1601; x_wconf 88' lang='lat' dir='ltr'><strong>pro</strong></span> <span class='ocrx_word' id='word_1_58' title='bbox 1682 1500 1926 1577; x_wconf 87' lang='lat' dir='ltr'><strong>virium</strong></span> <span class='ocrx_word' id='word_1_59' title='bbox 1999 1501 2282 1579; x_wconf 88' lang='lat' dir='ltr'><strong>modulo</strong></span> <span class='ocrx_word' id='word_1_60' title='bbox 2345 1526 2715 1602; x_wconf 74' lang='lat' dir='ltr'><strong>exponam.-</strong></span> <span class='ocrx_word' id='word_1_61' title='bbox 2838 1500 3084 1579; x_wconf 84' lang='lat' dir='ltr'><strong>Dic’am</strong></span> <span class='ocrx_word' id='word_1_62' title='bbox 3146 1505 3364 1603; x_wconf 85' lang='lat' dir='ltr'><strong>igitur</strong></span> <span class='ocrx_word' id='word_1_63' title='bbox 3430 1504 3523 1581; x_wconf 86' lang='lat' dir='ltr'><strong>de</strong></span> 
     </span>
     <span class='ocr_line' id='line_1_8' title="bbox 478 1620 3523 1723; baseline 0.002 -30"><span class='ocrx_word' id='word_1_64' title='bbox 478 1621 764 1695; x_wconf 76' lang='lat' dir='ltr'><strong>,Privati</strong></span> <span class='ocrx_word' id='word_1_65' title='bbox 802 1620 1007 1695; x_wconf 65' lang='lat' dir='ltr'><strong>Iuris</strong></span> <span class='ocrx_word' id='word_1_66' title='bbox 1043 1624 1262 1695; x_wconf 74' lang='lat' dir='ltr'><strong>nostri</strong></span> <span class='ocrx_word' id='word_1_67' title='bbox 1313 1622 1670 1698; x_wconf 63' lang='lat' dir='ltr'><strong>Oodioibua</strong></span> <span class='ocrx_word' id='word_1_68' title='bbox 1701 1624 1972 1699; x_wconf 73' lang='lat' dir='ltr'><strong>assidue</strong></span> <span class='ocrx_word' id='word_1_69' title='bbox 2015 1624 2430 1723; x_wconf 63' lang='lat' dir='ltr'><strong>con-iqendis</strong></span> <span class='ocrx_word' id='word_1_70' title='bbox 2467 1630 2543 1697; x_wconf 79' lang='lat' dir='ltr'><strong>et</strong></span> <span class='ocrx_word' id='word_1_71' title='bbox 2578 1623 2984 1720; x_wconf 62' lang='lat' dir='ltr'><strong>supplendis.</strong></span> <span class='ocrx_word' id='word_1_72' title='bbox 3084 1624 3523 1723; x_wconf 82' lang='lat' dir='ltr'><strong>Argumento</strong></span> 
     </span>
     <span class='ocr_line' id='line_1_9' title="bbox 478 1738 3525 1841; baseline 0.001 -26"><span class='ocrx_word' id='word_1_73' title='bbox 478 1745 624 1815; x_wconf 81' lang='lat' dir='ltr'><strong>tam</strong></span> <span class='ocrx_word' id='word_1_74' title='bbox 683 1738 902 1814; x_wconf 80' lang='lat' dir='ltr'><strong>ubere</strong></span> <span class='ocrx_word' id='word_1_75' title='bbox 964 1746 1046 1814; x_wconf 82' lang='lat' dir='ltr'><strong>et</strong></span> <span class='ocrx_word' id='word_1_76' title='bbox 1102 1740 1242 1815; x_wconf 84' lang='lat' dir='ltr'><strong>lete</strong></span> <span class='ocrx_word' id='word_1_77' title='bbox 1286 1749 1572 1841; x_wconf 77' lang='lat' dir='ltr'><strong>petente</strong></span> <span class='ocrx_word' id='word_1_78' title='bbox 1626 1749 1742 1833; x_wconf 88' lang='lat' dir='ltr'><strong>ut,</strong></span> <span class='ocrx_word' id='word_1_79' title='bbox 1807 1766 1904 1817; x_wconf 81' lang='lat' dir='ltr'><strong>ne</strong></span> <span class='ocrx_word' id='word_1_80' title='bbox 1949 1741 2142 1817; x_wconf 77' lang='lat' dir='ltr'><strong>vobis</strong></span> <span class='ocrx_word' id='word_1_81' title='bbox 2185 1742 2523 1817; x_wconf 85' lang='lat' dir='ltr'><strong>molestus</strong></span> <span class='ocrx_word' id='word_1_82' title='bbox 2558 1742 2723 1817; x_wconf 85' lang='lat' dir='ltr'><strong>fiam</strong></span> <span class='ocrx_word' id='word_1_83' title='bbox 2742 1800 2763 1831; x_wconf 89' lang='lat'><strong>,</strong></span> <span class='ocrx_word' id='word_1_84' title='bbox 2830 1740 3149 1817; x_wconf 73' lang='lat' dir='ltr'><strong>brevitati</strong></span> <span class='ocrx_word' id='word_1_85' title='bbox 3198 1742 3525 1817; x_wconf 77' lang='lat' dir='ltr'><strong>studeam</strong></span> 
     </span>
     <span class='ocr_line' id='line_1_10' title="bbox 477 1860 3520 1940; baseline 0.001 -5"><span class='ocrx_word' id='word_1_86' title='bbox 477 1880 756 1935; x_wconf 75' lang='lat' dir='ltr'><strong>neeesse</strong></span> <span class='ocrx_word' id='word_1_87' title='bbox 849 1860 962 1936; x_wconf 86' lang='lat' dir='ltr'><strong>sit.</strong></span> <span class='ocrx_word' id='word_1_88' title='bbox 1091 1860 1308 1940; x_wconf 81' lang='lat' dir='ltr'><strong>Quod</strong></span> <span class='ocrx_word' id='word_1_89' title='bbox 1383 1886 1498 1937; x_wconf 86' lang='lat' dir='ltr'><strong>me</strong></span> <span class='ocrx_word' id='word_1_90' title='bbox 1575 1862 1918 1938; x_wconf 82' lang='lat' dir='ltr'><strong>facturum</strong></span> <span class='ocrx_word' id='word_1_91' title='bbox 1999 1864 2192 1939; x_wconf 89' lang='lat' dir='ltr'><strong>omni</strong></span> <span class='ocrx_word' id='word_1_92' title='bbox 2275 1862 2787 1939; x_wconf 71' lang='lat' dir='ltr'><strong>asseveratione</strong></span> <span class='ocrx_word' id='word_1_93' title='bbox 2865 1860 3085 1939; x_wconf 83' lang='lat' dir='ltr'><strong>Vobis</strong></span> <span class='ocrx_word' id='word_1_94' title='bbox 3166 1862 3520 1938; x_wconf 86' lang='lat' dir='ltr'><strong>confirmo.</strong></span> 
     </span>
     <span class='ocr_line' id='line_1_11' title="bbox 476 1980 3521 2084; baseline 0.001 -30"><span class='ocrx_word' id='word_1_95' title='bbox 476 1981 662 2055; x_wconf 87' lang='lat' dir='ltr'><strong>Nam</strong></span> <span class='ocrx_word' id='word_1_96' title='bbox 727 1980 1002 2055; x_wconf 66' lang='lat' dir='ltr'><strong>etism-r</strong></span> <span class='ocrx_word' id='word_1_97' title='bbox 1062 1981 1199 2057; x_wconf 76' lang='lat' dir='ltr'><strong>hoe</strong></span> <span class='ocrx_word' id='word_1_98' title='bbox 1261 2004 1752 2083; x_wconf 70' lang='lat' dir='ltr'><strong>consequerer,</strong></span> <span class='ocrx_word' id='word_1_99' title='bbox 1818 1984 2008 2083; x_wconf 82' lang='lat' dir='ltr'><strong>quod</strong></span> <span class='ocrx_word' id='word_1_100' title='bbox 2075 1992 2264 2059; x_wconf 82' lang='lat' dir='ltr'><strong>certo</strong></span> <span class='ocrx_word' id='word_1_101' title='bbox 2311 2008 2456 2060; x_wconf 79' lang='lat' dir='ltr'><strong>non</strong></span> <span class='ocrx_word' id='word_1_102' title='bbox 2500 2007 2922 2084; x_wconf 81' lang='lat' dir='ltr'><strong>consequar,</strong></span> <span class='ocrx_word' id='word_1_103' title='bbox 2973 1990 3057 2059; x_wconf 87' lang='lat' dir='ltr'><strong>ut</strong></span> <span class='ocrx_word' id='word_1_104' title='bbox 3096 1982 3521 2082; x_wconf 83' lang='lat' dir='ltr'><strong>quibusdam</strong></span> 
     </span>
     <span class='ocr_line' id='line_1_12' title="bbox 477 2098 3523 2204; baseline 0.002 -32"><span class='ocrx_word' id='word_1_105' title='bbox 477 2098 804 2175; x_wconf 77' lang='lat' dir='ltr'><strong>Vestrum</strong></span> <span class='ocrx_word' id='word_1_106' title='bbox 870 2100 1167 2177; x_wconf 85' lang='lat' dir='ltr'><strong>dicende</strong></span> <span class='ocrx_word' id='word_1_107' title='bbox 1220 2102 1560 2203; x_wconf 82' lang='lat' dir='ltr'><strong>placerem</strong></span> <span class='ocrx_word' id='word_1_108' title='bbox 1583 2164 1606 2194; x_wconf 92' lang='lat'><strong>,</strong></span> <span class='ocrx_word' id='word_1_109' title='bbox 1673 2105 1901 2204; x_wconf 84' lang='lat' dir='ltr'><strong>iisque</strong></span> <span class='ocrx_word' id='word_1_110' title='bbox 1949 2103 2168 2204; x_wconf 81' lang='lat' dir='ltr'><strong>igitur</strong></span> <span class='ocrx_word' id='word_1_111' title='bbox 2211 2105 2424 2179; x_wconf 82' lang='lat' dir='ltr'><strong>nimis</strong></span> <span class='ocrx_word' id='word_1_112' title='bbox 2469 2104 2699 2181; x_wconf 82' lang='lat' dir='ltr'><strong>brevis</strong></span> <span class='ocrx_word' id='word_1_113' title='bbox 2750 2124 2903 2181; x_wconf 84' lang='lat' dir='ltr'><strong>esse</strong></span> <span class='ocrx_word' id='word_1_114' title='bbox 2948 2103 3214 2179; x_wconf 78' lang='lat' dir='ltr'><strong>viderer</strong></span> <span class='ocrx_word' id='word_1_115' title='bbox 3232 2163 3251 2193; x_wconf 92' lang='lat'><strong>,</strong></span> <span class='ocrx_word' id='word_1_116' title='bbox 3302 2102 3523 2177; x_wconf 90' lang='lat' dir='ltr'><strong>multo</strong></span> 
     </span>
     <span class='ocr_line' id='line_1_13' title="bbox 471 2221 3521 2324; baseline 0.001 -29"><span class='ocrx_word' id='word_1_117' title='bbox 471 2227 704 2297; x_wconf 75' lang='lat' dir='ltr'><strong>tamen</strong></span> <span class='ocrx_word' id='word_1_118' title='bbox 769 2221 1052 2298; x_wconf 74' lang='lat' dir='ltr'><strong>suevius</strong></span> <span class='ocrx_word' id='word_1_119' title='bbox 1112 2230 1220 2299; x_wconf 80' lang='lat' dir='ltr'><strong>est</strong></span> <span class='ocrx_word' id='word_1_120' title='bbox 1239 2281 1260 2313; x_wconf 90' lang='lat'><strong>,</strong></span> <span class='ocrx_word' id='word_1_121' title='bbox 1328 2223 1404 2297; x_wconf 85' lang='lat' dir='ltr'><strong>id</strong></span> <span class='ocrx_word' id='word_1_122' title='bbox 1473 2225 1662 2324; x_wconf 87' lang='lat' dir='ltr'><strong>quod</strong></span> <span class='ocrx_word' id='word_1_123' title='bbox 1729 2226 1810 2300; x_wconf 84' lang='lat' dir='ltr'>M</span> <span class='ocrx_word' id='word_1_124' title='bbox 1819 2232 2012 2301; x_wconf 85' lang='lat' dir='ltr'><strong>ureto</strong></span> <span class='ocrx_word' id='word_1_125' title='bbox 2069 2225 2406 2301; x_wconf 86' lang='lat' dir='ltr'><strong>assentior</strong></span> <span class='ocrx_word' id='word_1_126' title='bbox 2423 2283 2446 2315; x_wconf 87' lang='lat'><strong>,</strong></span> <span class='ocrx_word' id='word_1_127' title='bbox 2510 2224 2847 2301; x_wconf 80' lang='lat' dir='ltr'><strong>abeuntes</strong></span> <span class='ocrx_word' id='word_1_128' title='bbox 2906 2222 3173 2299; x_wconf 69' lang='lat' dir='ltr'><strong>diceret</strong></span> <span class='ocrx_word' id='word_1_129' title='bbox 3232 2247 3359 2299; x_wconf 86' lang='lat' dir='ltr'><strong>cur</strong></span> <span class='ocrx_word' id='word_1_130' title='bbox 3408 2222 3521 2299; x_wconf 85' lang='lat' dir='ltr'><strong>hie</strong></span> 
     </span>
     <span class='ocr_line' id='line_1_14' title="bbox 478 2342 3261 2443; baseline 0 -28"><span class='ocrx_word' id='word_1_131' title='bbox 478 2348 628 2416; x_wconf 82' lang='lat' dir='ltr'><strong>tam-</strong></span> <span class='ocrx_word' id='word_1_132' title='bbox 667 2342 811 2417; x_wconf 83' lang='lat' dir='ltr'><strong>cito</strong></span> <span class='ocrx_word' id='word_1_133' title='bbox 855 2342 1112 2418; x_wconf 70' lang='lat' dir='ltr'><strong>desiit?</strong></span> <span class='ocrx_word' id='word_1_134' title='bbox 1160 2367 1376 2442; x_wconf 72' lang='lat' dir='ltr'><strong>quam</strong></span> <span class='ocrx_word' id='word_1_135' title='bbox 1419 2342 1613 2419; x_wconf 85' lang='lat' dir='ltr'><strong>abire</strong></span> <span class='ocrx_word' id='word_1_136' title='bbox 1657 2343 2054 2443; x_wconf 85' lang='lat' dir='ltr'><strong>cupientes:</strong></span> <span class='ocrx_word' id='word_1_137' title='bbox 2107 2342 2389 2442; x_wconf 82' lang='lat' dir='ltr'><strong>quando</strong></span> <span class='ocrx_word' id='word_1_138' title='bbox 2433 2344 2723 2417; x_wconf 78' lang='lat' dir='ltr'><strong>tandem</strong></span> <span class='ocrx_word' id='word_1_139' title='bbox 2768 2342 2881 2418; x_wconf 85' lang='lat' dir='ltr'><strong>hic</strong></span> <span class='ocrx_word' id='word_1_140' title='bbox 2934 2342 3206 2417; x_wconf 77' lang='lat' dir='ltr'><strong>desinet</strong></span> <span class='ocrx_word' id='word_1_141' title='bbox 3225 2343 3261 2415; x_wconf 82' lang='lat' dir='ltr'><strong>P</strong></span> 
     </span>
    </p>
   </div>
   <div class='ocr_carea' id='block_1_3' title="bbox 447 2579 3522 5058">
    <p class='ocr_par' dir='ltr' id='par_1_3' title="bbox 447 2579 3522 4968">
     <span class='ocr_line' id='line_1_15' title="bbox 569 2579 3522 2683; baseline -0.001 -28"><span class='ocrx_word' id='word_1_142' title='bbox 569 2580 1088 2679; x_wconf 77' lang='lat' dir='ltr'><strong>Argumentum</strong></span> <span class='ocrx_word' id='word_1_143' title='bbox 1106 2639 1128 2669; x_wconf 86' lang='lat'><strong>,</strong></span> <span class='ocrx_word' id='word_1_144' title='bbox 1187 2606 1330 2680; x_wconf 80' lang='lat' dir='ltr'><strong>qno</strong></span> <span class='ocrx_word' id='word_1_145' title='bbox 1397 2584 1472 2657; x_wconf 85' lang='lat' dir='ltr'><strong>in</strong></span> <span class='ocrx_word' id='word_1_146' title='bbox 1542 2584 1785 2683; x_wconf 85' lang='lat' dir='ltr'><strong>primis</strong></span> <span class='ocrx_word' id='word_1_147' title='bbox 1855 2608 2021 2659; x_wconf 88' lang='lat' dir='ltr'><strong>usus</strong></span> <span class='ocrx_word' id='word_1_148' title='bbox 2085 2590 2194 2658; x_wconf 86' lang='lat' dir='ltr'><strong>est</strong></span> <span class='ocrx_word' id='word_1_149' title='bbox 2253 2582 2625 2683; x_wconf 76' lang='lat' dir='ltr'><strong>Savignius</strong></span> <span class='ocrx_word' id='word_1_150' title='bbox 2682 2583 2773 2658; x_wconf 90' lang='lat' dir='ltr'><strong>ad</strong></span> <span class='ocrx_word' id='word_1_151' title='bbox 2824 2579 3233 2656; x_wconf 82' lang='lat' dir='ltr'><strong>refellendas</strong></span> <span class='ocrx_word' id='word_1_152' title='bbox 3280 2602 3522 2654; x_wconf 91' lang='lat' dir='ltr'><strong>eorum</strong></span> 
     </span>
     <span class='ocr_line' id='line_1_16' title="bbox 474 2698 3521 2803; baseline -0 -29"><span class='ocrx_word' id='word_1_153' title='bbox 474 2700 852 2775; x_wconf 74' lang='lat' dir='ltr'><strong>sententias</strong></span> <span class='ocrx_word' id='word_1_154' title='bbox 869 2758 896 2789; x_wconf 90' lang='lat'><strong>,</strong></span> <span class='ocrx_word' id='word_1_155' title='bbox 963 2699 1087 2799; x_wconf 89' lang='lat' dir='ltr'><strong>qui</strong></span> <span class='ocrx_word' id='word_1_156' title='bbox 1147 2706 1318 2775; x_wconf 85' lang='lat' dir='ltr'><strong>ante</strong></span> <span class='ocrx_word' id='word_1_157' title='bbox 1379 2702 1508 2777; x_wconf 83' lang='lat' dir='ltr'><strong>hos</strong></span> <span class='ocrx_word' id='word_1_158' title='bbox 1572 2703 2082 2803; x_wconf 79' lang='lat' dir='ltr'><strong>quinquaginta</strong></span> <span class='ocrx_word' id='word_1_159' title='bbox 2141 2726 2360 2779; x_wconf 88' lang='lat' dir='ltr'><strong>annos</strong></span> <span class='ocrx_word' id='word_1_160' title='bbox 2423 2702 2779 2802; x_wconf 76' lang='lat' dir='ltr'><strong>generales</strong></span> <span class='ocrx_word' id='word_1_161' title='bbox 2847 2698 3309 2776; x_wconf 79' lang='lat' dir='ltr'><strong>conficiendos</strong></span> <span class='ocrx_word' id='word_1_162' title='bbox 3369 2722 3521 2773; x_wconf 87' lang='lat' dir='ltr'><strong>esse</strong></span> 
     </span>
     <span class='ocr_line' id='line_1_17' title="bbox 470 2818 3519 2921; baseline 0 -30"><span class='ocrx_word' id='word_1_163' title='bbox 470 2819 644 2893; x_wconf 86' lang='lat' dir='ltr'><strong>iuris</strong></span> <span class='ocrx_word' id='word_1_164' title='bbox 706 2819 955 2919; x_wconf 68' lang='lat' dir='ltr'><strong>privati</strong></span> <span class='ocrx_word' id='word_1_165' title='bbox 1017 2818 1316 2894; x_wconf 81' lang='lat' dir='ltr'><strong>Codices·</strong></span> <span class='ocrx_word' id='word_1_166' title='bbox 1367 2821 1442 2895; x_wconf 87' lang='lat' dir='ltr'><strong>in</strong></span> <span class='ocrx_word' id='word_1_167' title='bbox 1509 2822 1880 2898; x_wconf 80' lang='lat' dir='ltr'><strong>Germania</strong></span> <span class='ocrx_word' id='word_1_168' title='bbox 1935 2821 2424 2912; x_wconf 85' lang='lat' dir='ltr'><strong>clamitabant,</strong></span> <span class='ocrx_word' id='word_1_169' title='bbox 2492 2820 2792 2921; x_wconf 86' lang='lat' dir='ltr'><strong>petitum</strong></span> <span class='ocrx_word' id='word_1_170' title='bbox 2844 2824 2957 2895; x_wconf 88' lang='lat' dir='ltr'><strong>est</strong></span> <span class='ocrx_word' id='word_1_171' title='bbox 2994 2842 3078 2893; x_wconf 79' lang='lat' dir='ltr'><strong>ex</strong></span> <span class='ocrx_word' id='word_1_172' title='bbox 3128 2826 3519 2917; x_wconf 87' lang='lat' dir='ltr'><strong>temporum</strong></span> 
     </span>
     <span class='ocr_line' id='line_1_18' title="bbox 464 2938 3515 3042; baseline -0 -28"><span class='ocrx_word' id='word_1_173' title='bbox 464 2938 775 3029; x_wconf 71' lang='lat' dir='ltr'><strong>ratione,</strong></span> <span class='ocrx_word' id='word_1_174' title='bbox 833 2940 1054 3015; x_wconf 87' lang='lat' dir='ltr'><strong>arduo</strong></span> <span class='ocrx_word' id='word_1_175' title='bbox 1111 2939 1282 3016; x_wconf 86' lang='lat' dir='ltr'><strong>huic</strong></span> <span class='ocrx_word' id='word_1_176' title='bbox 1337 2942 1532 3042; x_wconf 79' lang='lat' dir='ltr'><strong>operi</strong></span> <span class='ocrx_word' id='word_1_177' title='bbox 1587 2942 1876 3018; x_wconf 86' lang='lat' dir='ltr'><strong>minime</strong></span> <span class='ocrx_word' id='word_1_178' title='bbox 1914 2942 2184 3020; x_wconf 86' lang='lat' dir='ltr'><strong>idonea.</strong></span> <span class='ocrx_word' id='word_1_179' title='bbox 2284 2943 2401 3018; x_wconf 80' lang='lat' dir='ltr'><strong>Ad</strong></span> <span class='ocrx_word' id='word_1_180' title='bbox 2444 2942 2577 3017; x_wconf 90' lang='lat' dir='ltr'><strong>hoc</strong></span> <span class='ocrx_word' id='word_1_181' title='bbox 2616 2939 2935 3017; x_wconf 77' lang='lat' dir='ltr'><strong>videlieet</strong></span> <span class='ocrx_word' id='word_1_182' title='bbox 2972 2938 3470 3039; x_wconf 85' lang='lat' dir='ltr'><strong>perficiendum</strong></span> <span class='ocrx_word' id='word_1_183' title='bbox 3492 2996 3515 3029; x_wconf 92' lang='lat'><strong>,</strong></span> 
     </span>
     <span class='ocr_line' id='line_1_19' title="bbox 468 3057 3519 3164; baseline 0 -30"><span class='ocrx_word' id='word_1_184' title='bbox 468 3057 744 3136; x_wconf 83' lang='lat' dir='ltr'><strong>etiamsi</strong></span> <span class='ocrx_word' id='word_1_185' title='bbox 789 3058 966 3134; x_wconf 88' lang='lat' dir='ltr'><strong>nihil</strong></span> <span class='ocrx_word' id='word_1_186' title='bbox 1014 3060 1210 3136; x_wconf 79' lang='lat' dir='ltr'><strong>alind</strong></span> <span class='ocrx_word' id='word_1_187' title='bbox 1248 3069 1486 3162; x_wconf 84' lang='lat' dir='ltr'><strong>ageret</strong></span> <span class='ocrx_word' id='word_1_188' title='bbox 1533 3062 1882 3164; x_wconf 80' lang='lat' dir='ltr'><strong>legislator</strong></span> <span class='ocrx_word' id='word_1_189' title='bbox 1933 3064 2070 3140; x_wconf 87' lang='lat' dir='ltr'><strong>nisi</strong></span> <span class='ocrx_word' id='word_1_190' title='bbox 2117 3069 2198 3139; x_wconf 89' lang='lat' dir='ltr'><strong>ut</strong></span> <span class='ocrx_word' id='word_1_191' title='bbox 2243 3062 2498 3140; x_wconf 78' lang='lat' dir='ltr'><strong>diffusa</strong></span> <span class='ocrx_word' id='word_1_192' title='bbox 2536 3060 3009 3163; x_wconf 83' lang='lat' dir='ltr'><strong>dissipataque</strong></span> <span class='ocrx_word' id='word_1_193' title='bbox 3046 3058 3203 3137; x_wconf 79' lang='lat' dir='ltr'><strong>iura</strong></span> <span class='ocrx_word' id='word_1_194' title='bbox 3242 3064 3519 3160; x_wconf 79' lang='lat' dir='ltr'><strong>cogeret</strong></span> 
     </span>
     <span class='ocr_line' id='line_1_20' title="bbox 462 3179 3515 3285; baseline 0.001 -33"><span class='ocrx_word' id='word_1_195' title='bbox 462 3179 676 3278; x_wconf 77' lang='lat' dir='ltr'><strong>inque</strong></span> <span class='ocrx_word' id='word_1_196' title='bbox 737 3203 957 3254; x_wconf 87' lang='lat' dir='ltr'><strong>unum</strong></span> <span class='ocrx_word' id='word_1_197' title='bbox 1021 3180 1262 3280; x_wconf 84' lang='lat' dir='ltr'><strong>legum</strong></span> <span class='ocrx_word' id='word_1_198' title='bbox 1321 3207 1570 3282; x_wconf 81' lang='lat' dir='ltr'><strong>cerpus</strong></span> <span class='ocrx_word' id='word_1_199' title='bbox 1629 3184 2020 3285; x_wconf 88' lang='lat' dir='ltr'><strong>redigeret,</strong></span> <span class='ocrx_word' id='word_1_200' title='bbox 2074 3185 2380 3260; x_wconf 84' lang='lat' dir='ltr'><strong>mascula</strong></span> <span class='ocrx_word' id='word_1_201' title='bbox 2437 3185 2721 3260; x_wconf 90' lang='lat' dir='ltr'><strong>demum</strong></span> <span class='ocrx_word' id='word_1_202' title='bbox 2776 3189 2853 3258; x_wconf 90' lang='lat' dir='ltr'><strong>et</strong></span> <span class='ocrx_word' id='word_1_203' title='bbox 2906 3181 3125 3258; x_wconf 84' lang='lat' dir='ltr'><strong>solida</strong></span> <span class='ocrx_word' id='word_1_204' title='bbox 3180 3180 3515 3280; x_wconf 76' lang='lat' dir='ltr'><strong>iurispru·</strong></span> 
     </span>
     <span class='ocr_line' id='line_1_21' title="bbox 466 3299 3515 3403; baseline 0.002 -30"><span class='ocrx_word' id='word_1_205' title='bbox 466 3299 700 3374; x_wconf 83' lang='lat' dir='ltr'><strong>dentis</strong></span> <span class='ocrx_word' id='word_1_206' title='bbox 759 3306 916 3375; x_wconf 81' lang='lat' dir='ltr'><strong>tuto</strong></span> <span class='ocrx_word' id='word_1_207' title='bbox 976 3301 1254 3400; x_wconf 81' lang='lat' dir='ltr'><strong>procedi</strong></span> <span class='ocrx_word' id='word_1_208' title='bbox 1317 3327 1522 3403; x_wconf 78' lang='lat' dir='ltr'><strong>posse</strong></span> <span class='ocrx_word' id='word_1_209' title='bbox 1585 3304 1912 3381; x_wconf 72' lang='lat' dir='ltr'><strong>ostendit.</strong></span> <span class='ocrx_word' id='word_1_210' title='bbox 2013 3305 2129 3380; x_wconf 86' lang='lat' dir='ltr'><strong>Sic</strong></span> <span class='ocrx_word' id='word_1_211' title='bbox 2191 3313 2264 3381; x_wconf 89' lang='lat' dir='ltr'><strong>et</strong></span> <span class='ocrx_word' id='word_1_212' title='bbox 2314 3304 2643 3380; x_wconf 84' lang='lat' dir='ltr'><strong>omnibus</strong></span> <span class='ocrx_word' id='word_1_213' title='bbox 2692 3327 2965 3403; x_wconf 88' lang='lat' dir='ltr'><strong>semper</strong></span> <span class='ocrx_word' id='word_1_214' title='bbox 3014 3301 3515 3378; x_wconf 85' lang='lat' dir='ltr'><strong>lureconsultis</strong></span> 
     </span>
     <span class='ocr_line' id='line_1_22' title="bbox 463 3421 3507 3527; baseline 0.001 -33"><span class='ocrx_word' id='word_1_215' title='bbox 463 3428 534 3494; x_wconf 86' lang='lat' dir='ltr'><strong>et</strong></span> <span class='ocrx_word' id='word_1_216' title='bbox 587 3421 850 3496; x_wconf 87' lang='lat' dir='ltr'><strong>Baccni</strong></span> <span class='ocrx_word' id='word_1_217' title='bbox 907 3445 1186 3522; x_wconf 78' lang='lat' dir='ltr'><strong>qnoque</strong></span> <span class='ocrx_word' id='word_1_218' title='bbox 1243 3423 1470 3498; x_wconf 87' lang='lat' dir='ltr'><strong>visum</strong></span> <span class='ocrx_word' id='word_1_219' title='bbox 1521 3423 1700 3515; x_wconf 71' lang='lat' dir='ltr'><strong>fuit,</strong></span> <span class='ocrx_word' id='word_1_220' title='bbox 1767 3426 1890 3525; x_wconf 86' lang='lat' dir='ltr'><strong>qui</strong></span> <span class='ocrx_word' id='word_1_221' title='bbox 1965 3426 2394 3527; x_wconf 74' lang='lat' dir='ltr'><strong>neptendum</strong></span> <span class='ocrx_word' id='word_1_222' title='bbox 2453 3426 2655 3500; x_wconf 86' lang='lat' dir='ltr'><strong>esse”</strong></span> <span class='ocrx_word' id='word_1_223' title='bbox 2715 3424 3025 3513; x_wconf 79' lang='lat' dir='ltr'><strong>dixerat,</strong></span> <span class='ocrx_word' id='word_1_224' title='bbox 3098 3429 3235 3498; x_wconf 80' lang='lat' dir='ltr'><strong>nut</strong></span> <span class='ocrx_word' id='word_1_225' title='bbox 3268 3422 3507 3522; x_wconf 82' lang='lat' dir='ltr'><strong>legum</strong></span> 
     </span>
     <span class='ocr_line' id='line_1_23' title="bbox 457 3539 3505 3647; baseline 0.002 -34"><span class='ocrx_word' id='word_1_226' title='bbox 457 3539 864 3616; x_wconf 79' lang='lat' dir='ltr'><strong>instauratio</strong></span> <span class='ocrx_word' id='word_1_227' title='bbox 917 3541 1056 3617; x_wconf 86' lang='lat' dir='ltr'><strong>illis</strong></span> <span class='ocrx_word' id='word_1_228' title='bbox 1111 3543 1573 3644; x_wconf 82' lang='lat' dir='ltr'><strong>susciperetur</strong></span> <span class='ocrx_word' id='word_1_229' title='bbox 1634 3546 2064 3646; x_wconf 73' lang='lat' dir='ltr'><strong>temporibus</strong></span> <span class='ocrx_word' id='word_1_230' title='bbox 2080 3606 2102 3638; x_wconf 93' lang='lat'>‚</span> <span class='ocrx_word' id='word_1_231' title='bbox 2169 3570 2350 3647; x_wconf 90' lang='lat' dir='ltr'><strong>quae</strong></span> <span class='ocrx_word' id='word_1_232' title='bbox 2401 3543 2915 3645; x_wconf 81' lang='lat' dir='ltr'><strong>antiquioribus</strong></span> <span class='ocrx_word' id='word_1_233' title='bbox 2933 3601 2954 3635; x_wconf 91' lang='lat'><strong>,</strong></span> <span class='ocrx_word' id='word_1_234' title='bbox 3004 3565 3302 3643; x_wconf 88' lang='lat' dir='ltr'><strong>quorum</strong></span> <span class='ocrx_word' id='word_1_235' title='bbox 3351 3549 3505 3618; x_wconf 84' lang='lat' dir='ltr'><strong>acta</strong></span> 
     </span>
     <span class='ocr_line' id='line_1_24' title="bbox 457 3663 3501 3768; baseline 0.001 -36"><span class='ocrx_word' id='word_1_236' title='bbox 457 3667 830 3735; x_wconf 78' lang='lat' dir='ltr'><strong>tractarent</strong></span> <span class='ocrx_word' id='word_1_237' title='bbox 899 3667 975 3736; x_wconf 88' lang='lat' dir='ltr'><strong>et</strong></span> <span class='ocrx_word' id='word_1_238' title='bbox 1032 3687 1281 3762; x_wconf 80' lang='lat' dir='ltr'><strong>opera,</strong></span> <span class='ocrx_word' id='word_1_239' title='bbox 1338 3663 1558 3740; x_wconf 85' lang='lat' dir='ltr'><strong>literis</strong></span> <span class='ocrx_word' id='word_1_240' title='bbox 1619 3674 1694 3742; x_wconf 90' lang='lat' dir='ltr'><strong>et</strong></span> <span class='ocrx_word' id='word_1_241' title='bbox 1750 3691 1980 3743; x_wconf 86' lang='lat' dir='ltr'><strong>rerum</strong></span> <span class='ocrx_word' id='word_1_242' title='bbox 2043 3667 2435 3768; x_wconf 79' lang='lat' dir='ltr'><strong>cognitione</strong></span> <span class='ocrx_word' id='word_1_243' title='bbox 2504 3663 3002 3766; x_wconf 53' lang='lat' dir='ltr'><strong>praestarent?</strong></span> <span class='ocrx_word' id='word_1_244' title='bbox 3101 3663 3209 3738; x_wconf 88' lang='lat' dir='ltr'><strong>Ea</strong></span> <span class='ocrx_word' id='word_1_245' title='bbox 3264 3668 3501 3738; x_wconf 90' lang='lat' dir='ltr'><strong>autem</strong></span> 
     </span>
     <span class='ocr_line' id='line_1_25' title="bbox 454 3780 3497 3878; baseline 0 -24"><span class='ocrx_word' id='word_1_246' title='bbox 454 3787 768 3878; x_wconf 85' lang='lat' dir='ltr'><strong>tempora</strong></span> <span class='ocrx_word' id='word_1_247' title='bbox 789 3837 810 3869; x_wconf 90' lang='lat'>‚</span> <span class='ocrx_word' id='word_1_248' title='bbox 856 3780 1142 3858; x_wconf 80' lang='lat' dir='ltr'><strong>ineunte</strong></span> <span class='ocrx_word' id='word_1_249' title='bbox 1187 3781 1328 3858; x_wconf 86' lang='lat' dir='ltr'><strong>hoc·</strong></span> <span class='ocrx_word' id='word_1_250' title='bbox 1359 3785 1632 3861; x_wconf 84' lang='lat' dir='ltr'><strong>saeculo</strong></span> <span class='ocrx_word' id='word_1_251' title='bbox 1651 3844 1672 3878; x_wconf 89' lang='lat'><strong>,</strong></span> <span class='ocrx_word' id='word_1_252' title='bbox 1719 3789 2034 3864; x_wconf 85' lang='lat' dir='ltr'><strong>nondum</strong></span> <span class='ocrx_word' id='word_1_253' title='bbox 2083 3787 2352 3864; x_wconf 82' lang='lat' dir='ltr'><strong>venisse</strong></span> <span class='ocrx_word' id='word_1_254' title='bbox 2394 3784 2809 3862; x_wconf 79' lang='lat' dir='ltr'><strong>Germaniae</strong></span> <span class='ocrx_word' id='word_1_255' title='bbox 2850 3807 2999 3858; x_wconf 84' lang='lat' dir='ltr'><strong>non.</strong></span> <span class='ocrx_word' id='word_1_256' title='bbox 3046 3781 3273 3857; x_wconf 83' lang='lat' dir='ltr'><strong>solum</strong></span> <span class='ocrx_word' id='word_1_257' title='bbox 3318 3781 3497 3857; x_wconf 90' lang='lat' dir='ltr'><strong>affir-</strong></span> 
     </span>
     <span class='ocr_line' id='line_1_26' title="bbox 453 3899 3495 4007; baseline -0.001 -29"><span class='ocrx_word' id='word_1_258' title='bbox 453 3901 672 3978; x_wconf 78' lang='lat' dir='ltr'><strong>mavit</strong></span> <span class='ocrx_word' id='word_1_259' title='bbox 732 3925 972 3978; x_wconf 80' lang='lat' dir='ltr'><strong>verum</strong></span> <span class='ocrx_word' id='word_1_260' title='bbox 1027 3901 1238 3976; x_wconf 87' lang='lat' dir='ltr'><strong>etiam</strong></span> <span class='ocrx_word' id='word_1_261' title='bbox 1284 3903 1602 4002; x_wconf 83' lang='lat' dir='ltr'><strong>probavit</strong></span> <span class='ocrx_word' id='word_1_262' title='bbox 1641 3907 2032 4007; x_wconf 82' lang='lat' dir='ltr'><strong>Savignius.</strong></span> <span class='ocrx_word' id='word_1_263' title='bbox 2133 3909 2288 3982; x_wconf 87' lang='lat' dir='ltr'><strong>Nec</strong></span> <span class='ocrx_word' id='word_1_264' title='bbox 2331 3931 2491 3982; x_wconf 87' lang='lat' dir='ltr'><strong>vero</strong></span> <span class='ocrx_word' id='word_1_265' title='bbox 2538 3911 2811 3981; x_wconf 82' lang='lat' dir='ltr'><strong>nostrae</strong></span> <span class='ocrx_word' id='word_1_266' title='bbox 2856 3911 3031 3978; x_wconf 86' lang='lat' dir='ltr'><strong>tunc</strong></span> <span class='ocrx_word' id='word_1_267' title='bbox 3066 3899 3329 4001; x_wconf 84' lang='lat' dir='ltr'><strong>patriae</strong></span> <span class='ocrx_word' id='word_1_268' title='bbox 3369 3899 3495 3975; x_wconf 90' lang='lat' dir='ltr'><strong>ad-</strong></span> 
     </span>
     <span class='ocr_line' id='line_1_27' title="bbox 454 4020 3489 4124; baseline -0.001 -27"><span class='ocrx_word' id='word_1_269' title='bbox 454 4029 800 4097; x_wconf 80' lang='lat' dir='ltr'><strong>venerant.</strong></span> <span class='ocrx_word' id='word_1_270' title='bbox 901 4021 1198 4096; x_wconf 80' lang='lat' dir='ltr'><strong>Tristem</strong></span> <span class='ocrx_word' id='word_1_271' title='bbox 1257 4025 1589 4124; x_wconf 82' lang='lat' dir='ltr'><strong>temporis</strong></span> <span class='ocrx_word' id='word_1_272' title='bbox 1648 4026 1836 4102; x_wconf 88' lang='lat' dir='ltr'><strong>illius</strong></span> <span class='ocrx_word' id='word_1_273' title='bbox 1901 4027 1972 4102; x_wconf 88' lang='lat' dir='ltr'><strong>in</strong></span> <span class='ocrx_word' id='word_1_274' title='bbox 2039 4027 2412 4104; x_wconf 83' lang='lat' dir='ltr'><strong>Germania</strong></span> <span class='ocrx_word' id='word_1_275' title='bbox 2481 4023 2653 4100; x_wconf 87' lang='lat' dir='ltr'><strong>iuris</strong></span> <span class='ocrx_word' id='word_1_276' title='bbox 2714 4022 2933 4100; x_wconf 78' lang='lat' dir='ltr'><strong>civilis</strong></span> <span class='ocrx_word' id='word_1_277' title='bbox 2984 4020 3451 4098; x_wconf 78' lang='lat' dir='ltr'><strong>conditionem</strong></span> <span class='ocrx_word' id='word_1_278' title='bbox 3468 4078 3489 4112; x_wconf 91' lang='lat'><strong>,</strong></span> 
     </span>
     <span class='ocr_line' id='line_1_28' title="bbox 454 4141 3491 4247; baseline -0 -30"><span class='ocrx_word' id='word_1_279' title='bbox 454 4167 499 4217; x_wconf 89' lang='lat' dir='ltr'><strong>a</strong></span> <span class='ocrx_word' id='word_1_280' title='bbox 563 4141 892 4241; x_wconf 83' lang='lat' dir='ltr'><strong>Savignio</strong></span> <span class='ocrx_word' id='word_1_281' title='bbox 949 4141 1490 4218; x_wconf 77' lang='lat' dir='ltr'><strong>demonstratam</strong></span> <span class='ocrx_word' id='word_1_282' title='bbox 1510 4203 1532 4235; x_wconf 93' lang='lat'>‚</span> <span class='ocrx_word' id='word_1_283' title='bbox 1599 4147 2232 4247; x_wconf 82' lang='lat' dir='ltr'><strong>contemplantibus</strong></span> <span class='ocrx_word' id='word_1_284' title='bbox 2287 4147 2491 4223; x_wconf 84' lang='lat' dir='ltr'><strong>nobis</strong></span> <span class='ocrx_word' id='word_1_285' title='bbox 2538 4151 2783 4245; x_wconf 86' lang='lat' dir='ltr'><strong>sponte</strong></span> <span class='ocrx_word' id='word_1_286' title='bbox 2828 4142 2904 4216; x_wconf 88' lang='lat' dir='ltr'><strong>in</strong></span> <span class='ocrx_word' id='word_1_287' title='bbox 2946 4148 3249 4216; x_wconf 82' lang='lat' dir='ltr'><strong>mentem</strong></span> <span class='ocrx_word' id='word_1_288' title='bbox 3302 4141 3491 4216; x_wconf 88' lang='lat' dir='ltr'><strong>venit</strong></span> 
     </span>
     <span class='ocr_line' id='line_1_29' title="bbox 455 4259 3489 4366; baseline 0 -30"><span class='ocrx_word' id='word_1_289' title='bbox 455 4259 671 4336; x_wconf 88' lang='lat' dir='ltr'><strong>illud:</strong></span> <span class='ocrx_word' id='word_1_290' title='bbox 737 4266 1014 4336; x_wconf 82' lang='lat' dir='ltr'><strong>mutato</strong></span> <span class='ocrx_word' id='word_1_291' title='bbox 1074 4259 1356 4336; x_wconf 89' lang='lat' dir='ltr'><strong>nomine</strong></span> <span class='ocrx_word' id='word_1_292' title='bbox 1411 4262 1501 4338; x_wconf 90' lang='lat' dir='ltr'><strong>de</strong></span> <span class='ocrx_word' id='word_1_293' title='bbox 1547 4269 1621 4338; x_wconf 87' lang='lat' dir='ltr'><strong>te</strong></span> <span class='ocrx_word' id='word_1_294' title='bbox 1669 4263 1908 4340; x_wconf 82' lang='lat' dir='ltr'><strong>fabula</strong></span> <span class='ocrx_word' id='word_1_295' title='bbox 1951 4273 2285 4366; x_wconf 82' lang='lat' dir='ltr'><strong>narratur.</strong></span> <span class='ocrx_word' id='word_1_296' title='bbox 2385 4266 2639 4364; x_wconf 85' lang='lat' dir='ltr'><strong>Neque</strong></span> <span class='ocrx_word' id='word_1_297' title='bbox 2682 4263 2869 4339; x_wconf 89' lang='lat' dir='ltr'><strong>enim</strong></span> <span class='ocrx_word' id='word_1_298' title='bbox 2910 4267 3079 4338; x_wconf 86' lang='lat' dir='ltr'><strong>tunc</strong></span> <span class='ocrx_word' id='word_1_299' title='bbox 3120 4261 3314 4362; x_wconf 84' lang='lat' dir='ltr'><strong>apud</strong></span> <span class='ocrx_word' id='word_1_300' title='bbox 3361 4285 3489 4336; x_wconf 87' lang='lat' dir='ltr'><strong>nos</strong></span> 
     </span>
     <span class='ocr_line' id='line_1_30' title="bbox 455 4379 3495 4486; baseline -0.001 -30"><span class='ocrx_word' id='word_1_301' title='bbox 455 4381 740 4456; x_wconf 88' lang='lat' dir='ltr'><strong>seientia</strong></span> <span class='ocrx_word' id='word_1_302' title='bbox 793 4379 967 4456; x_wconf 75' lang='lat' dir='ltr'><strong>iuris</strong></span> <span class='ocrx_word' id='word_1_303' title='bbox 1026 4381 1384 4482; x_wconf 76' lang='lat' dir='ltr'><strong>superiora·</strong></span> <span class='ocrx_word' id='word_1_304' title='bbox 1441 4389 1752 4484; x_wconf 89' lang='lat' dir='ltr'><strong>tempora</strong></span> <span class='ocrx_word' id='word_1_305' title='bbox 1817 4386 2226 4486; x_wconf 82' lang='lat' dir='ltr'><strong>superabat,</strong></span> <span class='ocrx_word' id='word_1_306' title='bbox 2291 4409 2533 4463; x_wconf 82' lang='lat' dir='ltr'><strong>verum</strong></span> <span class='ocrx_word' id='word_1_307' title='bbox 2593 4383 2960 4460; x_wconf 82' lang='lat' dir='ltr'><strong>deminuta</strong></span> <span class='ocrx_word' id='word_1_308' title='bbox 3011 4389 3093 4457; x_wconf 85' lang='lat' dir='ltr'><strong>et-</strong></span> <span class='ocrx_word' id='word_1_309' title='bbox 3144 4380 3346 4480; x_wconf 87' lang='lat' dir='ltr'><strong>quasi</strong></span> <span class='ocrx_word' id='word_1_310' title='bbox 3398 4381 3495 4454; x_wconf 87' lang='lat' dir='ltr'><strong>de-</strong></span> 
     </span>
     <span class='ocr_line' id='line_1_31' title="bbox 449 4499 3489 4606; baseline 0.001 -33"><span class='ocrx_word' id='word_1_311' title='bbox 449 4499 924 4600; x_wconf 85' lang='lat' dir='ltr'><strong>qualicunque·</strong></span> <span class='ocrx_word' id='word_1_312' title='bbox 957 4500 1216 4600; x_wconf 82' lang='lat' dir='ltr'><strong>gradu,</strong></span> <span class='ocrx_word' id='word_1_313' title='bbox 1267 4525 1408 4602; x_wconf 89' lang='lat' dir='ltr'><strong>quo</strong></span> <span class='ocrx_word' id='word_1_314' title='bbox 1447 4509 1652 4579; x_wconf 86' lang='lat' dir='ltr'><strong>antea</strong></span> <span class='ocrx_word' id='word_1_315' title='bbox 1693 4503 1866 4594; x_wconf 82' lang='lat' dir='ltr'><strong>fuit,</strong></span> <span class='ocrx_word' id='word_1_316' title='bbox 1909 4504 2181 4582; x_wconf 88' lang='lat' dir='ltr'><strong>iacebat</strong></span> <span class='ocrx_word' id='word_1_317' title='bbox 2227 4506 2529 4606; x_wconf 76' lang='lat' dir='ltr'><strong>delapsa.</strong></span> <span class='ocrx_word' id='word_1_318' title='bbox 2628 4505 2782 4578; x_wconf 87' lang='lat' dir='ltr'><strong>Nec</strong></span> <span class='ocrx_word' id='word_1_319' title='bbox 2826 4503 2887 4579; x_wconf 85' lang='lat' dir='ltr'><strong>si</strong></span> <span class='ocrx_word' id='word_1_320' title='bbox 2928 4502 3364 4601; x_wconf 80' lang='lat' dir='ltr'><strong>Kemperum</strong></span> <span class='ocrx_word' id='word_1_321' title='bbox 3414 4505 3489 4576; x_wconf 87' lang='lat' dir='ltr'><strong>et</strong></span> 
     </span>
     <span class='ocr_line' id='line_1_32' title="bbox 449 4620 3488 4726; baseline 0.001 -32"><span class='ocrx_word' id='word_1_322' title='bbox 449 4645 546 4694; x_wconf 88' lang='lat' dir='ltr'><strong>nn</strong></span> <span class='ocrx_word' id='word_1_323' title='bbox 555 4643 672 4694; x_wconf 88' lang='lat' dir='ltr'><strong>um</strong></span> <span class='ocrx_word' id='word_1_324' title='bbox 756 4627 830 4696; x_wconf 88' lang='lat' dir='ltr'><strong>et</strong></span> <span class='ocrx_word' id='word_1_325' title='bbox 903 4621 1195 4700; x_wconf 84' lang='lat' dir='ltr'><strong>alterum</strong></span> <span class='ocrx_word' id='word_1_326' title='bbox 1277 4631 1632 4723; x_wconf 85' lang='lat' dir='ltr'><strong>praeterea</strong></span> <span class='ocrx_word' id='word_1_327' title='bbox 1709 4625 2009 4726; x_wconf 82' lang='lat' dir='ltr'><strong>excipias</strong></span> <span class='ocrx_word' id='word_1_328' title='bbox 2027 4683 2048 4715; x_wconf 89' lang='lat'><strong>,</strong></span> <span class='ocrx_word' id='word_1_329' title='bbox 2122 4626 2491 4726; x_wconf 87' lang='lat' dir='ltr'><strong>reperisses</strong></span> <span class='ocrx_word' id='word_1_330' title='bbox 2566 4621 3071 4699; x_wconf 74' lang='lat' dir='ltr'><strong>lnmconsultos</strong></span> <span class='ocrx_word' id='word_1_331' title='bbox 3088 4679 3109 4712; x_wconf 89' lang='lat'>‚</span> <span class='ocrx_word' id='word_1_332' title='bbox 3184 4620 3445 4721; x_wconf 86' lang='lat' dir='ltr'><strong>quibus</strong></span> <span class='ocrx_word' id='word_1_333' title='bbox 3463 4679 3488 4712; x_wconf 83' lang='lat'><strong>,</strong></span> 
     </span>
     <span class='ocr_line' id='line_1_33' title="bbox 447 4739 3485 4846; baseline 0.001 -32"><span class='ocrx_word' id='word_1_334' title='bbox 447 4739 720 4815; x_wconf 85' lang='lat' dir='ltr'><strong>etiamsi</strong></span> <span class='ocrx_word' id='word_1_335' title='bbox 773 4748 960 4817; x_wconf 80' lang='lat' dir='ltr'><strong>aetas</strong></span> <span class='ocrx_word' id='word_1_336' title='bbox 1021 4741 1144 4818; x_wconf 81' lang='lat' dir='ltr'><strong>illa</strong></span> <span class='ocrx_word' id='word_1_337' title='bbox 1209 4742 1318 4818; x_wconf 86' lang='lat' dir='ltr'><strong>rei</strong></span> <span class='ocrx_word' id='word_1_338' title='bbox 1387 4745 1854 4820; x_wconf 79' lang='lat' dir='ltr'><strong>conficiendae</strong></span> <span class='ocrx_word' id='word_1_339' title='bbox 1922 4746 2144 4846; x_wconf 85' lang='lat' dir='ltr'><strong>magis</strong></span> <span class='ocrx_word' id='word_1_340' title='bbox 2207 4747 2459 4823; x_wconf 78' lang='lat' dir='ltr'><strong>fnisset</strong></span> <span class='ocrx_word' id='word_1_341' title='bbox 2526 4743 2815 4834; x_wconf 80' lang='lat' dir='ltr'><strong>idonea,</strong></span> <span class='ocrx_word' id='word_1_342' title='bbox 2878 4740 3200 4818; x_wconf 77' lang='lat' dir='ltr'><strong>uni-versa</strong></span> <span class='ocrx_word' id='word_1_343' title='bbox 3246 4741 3485 4841; x_wconf 83' lang='lat' dir='ltr'><strong>legum</strong></span> 
     </span>
     <span class='ocr_line' id='line_1_34' title="bbox 449 4859 3489 4968; baseline 0 -35"><span class='ocrx_word' id='word_1_344' title='bbox 449 4859 816 4960; x_wconf 84' lang='lat' dir='ltr'><strong>descriptio</strong></span> <span class='ocrx_word' id='word_1_345' title='bbox 857 4862 1173 4938; x_wconf 80' lang='lat' dir='ltr'><strong>mandari</strong></span> <span class='ocrx_word' id='word_1_346' title='bbox 1227 4869 1383 4940; x_wconf 78' lang='lat' dir='ltr'><strong>tate</strong></span> <span class='ocrx_word' id='word_1_347' title='bbox 1436 4863 1796 4964; x_wconf 83' lang='lat' dir='ltr'><strong>potuisset.</strong></span> <span class='ocrx_word' id='word_1_348' title='bbox 1897 4867 1998 4941; x_wconf 89' lang='lat' dir='ltr'><strong>At</strong></span> <span class='ocrx_word' id='word_1_349' title='bbox 2041 4875 2232 4945; x_wconf 83' lang='lat' dir='ltr'><strong>aetas</strong></span> <span class='ocrx_word' id='word_1_350' title='bbox 2272 4868 2426 4968; x_wconf 85' lang='lat' dir='ltr'><strong>ipsa</strong></span> <span class='ocrx_word' id='word_1_351' title='bbox 2470 4889 2621 4942; x_wconf 88' lang='lat' dir='ltr'><strong>non·</strong></span> <span class='ocrx_word' id='word_1_352' title='bbox 2664 4862 2949 4941; x_wconf 76' lang='lat' dir='ltr'><strong>favebat</strong></span> <span class='ocrx_word' id='word_1_353' title='bbox 2980 4863 3107 4940; x_wconf 84' lang='lat' dir='ltr'><strong>sed</strong></span> <span class='ocrx_word' id='word_1_354' title='bbox 3149 4860 3489 4938; x_wconf 86' lang='lat' dir='ltr'><strong>contraria</strong></span> 
     </span>
    </p>

    <p class='ocr_par' dir='ltr' id='par_1_4' title="bbox 2960 4981 3110 5058">
     <span class='ocr_line' id='line_1_35' title="bbox 2960 4981 3110 5058; baseline 0 0"><span class='ocrx_word' id='word_1_355' title='bbox 2960 4985 3051 5058; x_wconf 87' lang='grc'><strong>13</strong></span> <span class='ocrx_word' id='word_1_356' title='bbox 3070 4981 3110 5031; x_wconf 74' lang='lat'><strong>¹⁸*</strong></span> 
     </span>
    </p>
   </div>
  </div>
 </body>
</html>
