4942 6175
1425 686 1555 753 108
2588 683 2641 750 1.
2732 678 3330 749 A.1=’Rulu

1427 890 1806 967 eorundem
1874 894 2396 989 praeceptorum
2463 910 2774 963 normam
2842 886 2917 961 in
2970 892 3386 987 perpetuum
3438 883 3847 985 dirigantur.
3944 886 4261 962 Fuerunt
4308 912 4473 963 sane

1427 1022 1498 1086 et
1566 1010 1794 1086 adhuc
1861 1018 2026 1083 sunt
2088 1008 2249 1106 qui,
2323 1006 2511 1081 hunc
2573 1005 2803 1105 ipsum
2862 1003 2996 1078 sibi
3048 1005 3263 1079 finem
3318 1011 3815 1104 proponentes,
3864 1002 4121 1079 idcirco
4174 1005 4471 1083 maxime

1423 1129 1881 1206 conficiendos
1955 1152 2102 1203 esse
2175 1126 2465 1201 Codices
2512 1124 2912 1213 clamitent,
2970 1133 3052 1198 ut
3098 1124 3289 1223 leges
3332 1123 3845 1199 constituantur
3895 1124 4349 1225 sempiternae
4392 1136 4465 1202 et

1417 1250 1838 1325 immortales
1857 1306 1878 1339 ,
1948 1248 2207 1347 quibus
2271 1246 2344 1320 in
2416 1268 2627 1319 omne
2700 1252 2979 1341 tempus
3056 1243 3370 1319 valituris
3445 1268 3573 1319 nec
3644 1242 3965 1343 obrogari
4033 1244 4139 1320 fas
4204 1246 4296 1320 sit
4344 1270 4469 1323 nec

1421 1370 1734 1470 derogari
1778 1369 2001 1445 liceat.
2069 1366 2334 1440 Verum
2381 1390 2504 1464 per
2552 1364 2895 1439 eiusmodi
2942 1364 3208 1439 somnia
3250 1388 3471 1463 quum
3518 1361 3949 1439 confundant
3992 1364 4165 1439 iuris
4211 1368 4469 1441 aeterni

1414 1489 1848 1565 divinitatem
1917 1497 1989 1563 et
2061 1487 2524 1561 humanarum
2593 1482 2828 1583 legum
2902 1484 3271 1559 utilitatem
3292 1541 3313 1572 ,
3384 1490 3753 1580 utramque
3807 1481 4243 1559 subvertunt.
4346 1486 4469 1561 Est

1415 1611 1700 1709 quidem
1769 1610 2022 1683 insitus
2067 1608 2154 1681 in'
2190 1605 2440 1680 animis
2500 1604 2861 1679 hominum
2911 1602 3325 1679 immortalis
3376 1602 3680 1677 iustitiae
3730 1626 4010 1692 sensus,
4058 1612 4167 1679 est
4218 1606 4466 1704 sempi-

1415 1738 1612 1804 terna
1685 1728 1859 1804 ratio
1919 1753 1961 1803 a
2031 1734 2278 1801 natura
2353 1724 2656 1824 profecta
2672 1784 2692 1814 ,
2766 1724 2855 1801 ad
2916 1734 3101 1801 recte
3167 1722 3561 1799 faciendum
3612 1723 3974 1823 impellens
4014 1735 4086 1799 et
4130 1750 4173 1799 a
4222 1726 4465 1801 delicto

1412 1870 1742 1924 avocans:
1811 1848 1962 1921 iura
2030 1868 2186 1920 vero
2250 1852 2322 1917 et
2385 1844 2574 1943 leges
2640 1869 2764 1945 pro
2829 1853 3222 1943 temporum
3274 1852 3346 1918 et
3386 1842 3702 1943 gentium
3752 1853 3823 1917 et
3864 1868 4095 1919 rerum
4146 1847 4467 1922 varietate

1413 1968 1547 2042 alia
1613 1972 1776 2041 sunt
1842 1974 1914 2041 et
1973 1964 2344 2039 flectantur
2410 1972 2683 2064 oportet
2760 1972 2831 2040 et
2906 1964 3273 2040 varientur.
3376 1964 3535 2038 Hoc
3608 1962 3759 2063 ipsa
3824 1963 4097 2063 flagitat
4164 1964 4461 2054 iustitia,

1413 2086 1614 2161 cuius
1679 2086 2126 2186 praecipuum
2193 2107 2454 2159 munus
2512 2092 2619 2158 est
2692 2091 2769 2159 ut
2838 2084 2909 2159 in
2974 2084 3185 2159 rebus
3250 2083 3576 2159 omnibus
3634 2083 3746 2157 ius
3790 2106 4093 2181 aequum
4142 2092 4460 2161 servetur.

1411 2208 1744 2307 Aequum
1795 2231 1952 2283 vero
1999 2206 2111 2281 ius
2157 2229 2310 2280 esse
2364 2228 2501 2279 non
2555 2211 2821 2303 potest,
2872 2202 3007 2277 nisi
3052 2228 3216 2279 cum
3270 2203 3580 2277 moribus
3626 2202 3865 2303 populi
3916 2214 4288 2305 congruat:
4348 2206 4467 2305 qui

1411 2353 1632 2427 quum
1701 2328 1834 2429 ipsi
1901 2351 2041 2401 non
2113 2325 2254 2401 sint
2327 2323 2613 2399 stabiles
2636 2382 2657 2412 ,
2724 2322 2845 2397 scd
2912 2323 3029 2398 alii
3092 2324 3243 2397 aliis
3312 2323 3743 2425 temporibus
3806 2332 3879 2399 et
3920 2324 4109 2401 „varii
4131 2384 4151 2414 ,
4215 2350 4301 2401 ne
4354 2326 4463 2401 ius

1407 2448 1693 2546 quidem
1761 2472 2034 2546 semper
2099 2446 2287 2521 idem
2359 2443 2751 2520 servabitur
2772 2491 2794 2534 ,
2857 2452 2930 2519 at
3003 2444 3378 2519 variabitur
3444 2468 3569 2542 pro
3632 2444 3961 2519 moribus.
4062 2445 4224 2521 Hoc
4291 2446 4462 2521 bene

1405 2574 1846 2667 perspectum
1883 2566 2132 2642 habuit
2175 2566 2430 2640 Sextus
2476 2564 2823 2639 Caecilius
2871 2564 3393 2639 Iureconsultus
3411 2623 3433 2653 ,
3478 2564 3601 2663 qui
3643 2564 3981 2639 Favorino
4022 2564 4427 2665 philosopho
4442 2621 4464 2653 ‚

1405 2686 1714 2762 obsoleta
1794 2685 2140 2784 quaedam
2211 2684 2385 2784 legis
2455 2683 2951 2759 Decemviralis
3024 2684 3253 2784 capita
3318 2682 3884 2784 reprehendenti,
3954 2685 4183 2761 verius
4256 2712 4464 2785 quam

1405 2804 1718 2879 ornatius
1759 2804 1930 2878 haec
1972 2803 2408 2903 respondisse
2457 2801 2714 2877 fertur:
2768 2802 2932 2877 Non
2985 2803 3289 2902 profecto
3336 2804 3613 2903 ignoras
3636 2862 3657 2892 ,
3706 2804 3941 2904 legum
3990 2807 4464 2904 opportunita-

1405 2933 1512 2999 tes
1554 2930 1625 2998 et
1670 2922 1974 2997 medelas
2017 2946 2142 3022 pro
2187 2930 2581 3022 temporum
2630 2922 2976 3012 moribus,
3021 2932 3091 2997 et
3130 2948 3255 3022 pro
3294 2948 3527 2999 rerum
3565 2924 4001 3024 publicarum
4045 2926 4415 3025 generibus
4441 2985 4461 3015 ,

1407 3070 1486 3120 ac
1543 3068 1668 3144 pro
1733 3041 2114 3118 utilitatum
2178 3041 2645 3143 praesentium
2706 3042 3087 3119 rationibus
3104 3103 3124 3133 ,
3193 3068 3455 3143 proque
3514 3043 3838 3120 vitiorum
3883 3044 4145 3143 quibus
4184 3046 4463 3122 meden-

1407 3165 1578 3239 dum
1641 3171 1747 3238 est
1813 3163 2199 3238 fervoribus
2213 3221 2233 3250 ,
2293 3162 2552 3238 mutari
2616 3170 2829 3260 atque
2892 3163 3077 3238 flecti
3121 3187 3350 3262 neque
3394 3188 3535 3238 uno
3586 3171 3775 3239 statu
3826 3165 4236 3254 consistere;
4291 3167 4455 3266 quin

1407 3291 1490 3358 ut
1539 3283 1748 3358 facies
1801 3281 1974 3357 coeli
2013 3289 2084 3356 et
2118 3281 2326 3358 maris
2368 3281 2466 3356 ita
2512 3305 2742 3356 rerum
2784 3288 2995 3380 atque
3042 3282 3356 3358 fortunae
3398 3285 3933 3384 tempestatibus
3973 3285 4342 3363 varientur.
4392 3287 4455 3379 ι)

1511 3401 1786 3481 Quodsi
1829 3401 2050 3501 igitur
2091 3401 2242 3500 ipsa
2287 3401 2460 3476 iuris
2504 3401 2679 3476 ratio
2720 3400 2853 3475 fert
2874 3458 2895 3490 ,
2944 3409 3025 3476 ut
3064 3426 3205 3478 non
3249 3426 3521 3502 semper
3568 3428 3709 3480 una
3751 3411 3961 3504 atque
4008 3406 4253 3481 eadem
4306 3431 4465 3482 voce

1407 3523 1734 3622 loquatur
1752 3580 1773 3612 ,
1825 3521 1885 3597 si
1930 3521 2063 3596 elia
2107 3521 2260 3596 aliis
2309 3521 2742 3621 temporibus
2792 3525 3199 3598 conveniant
3250 3523 3573 3600 instituta
3593 3582 3614 3614 ,
3661 3549 3704 3600 a
3749 3549 3887 3623 quo
3940 3549 4202 3624 quaeso
4247 3527 4377 3602 nisi
4418 3551 4461 3602 a

1405 3643 1794 3743 legislatore
1858 3641 2195 3716 auxilium
2263 3649 2492 3741 petas,
2576 3651 2655 3716 ut
2726 3641 3035 3717 obsoleta
3103 3642 3589 3742 antiquentur,
3660 3669 3837 3720 nova
3906 3669 4066 3720 vero
4130 3656 4201 3722 et
4268 3647 4463 3720 utilia

1409 3787 1590 3860 quae
1629 3761 1967 3862 prodeant
2011 3763 2412 3837 sanciantur
2449 3763 2651 3838 firma
2698 3762 3156 3837 auctoritate?
3255 3763 3800 3838 consuetudinis
3840 3763 4027 3839 enim
4074 3765 4220 3856 ius,
4264 3767 4461 3842 cuius

1409 3906 1667 3980 magna
1705 3889 1814 3956 est
1861 3891 1934 3956 ct
1964 3907 2129 3958 -esse
2175 3882 2388 3957 debet
2434 3883 2806 3959 auctoritas
2823 3941 2846 3973 ,
2898 3883 3027 3958 hac
3080 3892 3314 3960 tamen
3366 3909 3507 3984 qua
3550 3909 3677 3958 nos
3722 3884 4019 3960 vivimus
4060 3892 4285 3962 aetate
4324 3910 4461 3961 non

1413 4009 1692 4074 tantum
1761 4000 1942 4074 valet
2009 4010 2089 4075 ut
2147 4003 2373 4100 legem
2442 4005 2689 4080 vincat.
2795 4003 3009 4083 Quod
3054 4003 3244 4104 apud
3290 4005 3643 4079 Romanos
3686 4004 4065 4080 rectissime
4106 4014 4457 4106 receptum

1419 4120 1634 4194 fuisse
1689 4117 1905 4192 tradit
1963 4120 2277 4194 Iulianus
2298 4178 2320 4208 ,
2389 4131 2470 4194 ut
2538 4122 2724 4220 leges
2774 4145 2913 4196 non
2968 4122 3191 4198 solum
3249 4123 3577 4223 suffragio
3627 4123 4036 4224 legislatoris
4080 4126 4205 4200 sed
4250 4127 4459 4202 etiam

1415 4239 1628 4314 tacito
1665 4237 1978 4315 omnium
2028 4263 2374 4314 consensu
2417 4264 2539 4338 per
2586 4239 3117 4316 desuetudinem
3166 4242 3661 4342 abrogarentur
3682 4302 3703 4333 ,
3744 4243 3820 4318 id
3864 4243 4069 4320 hodie
4091 4303 4112 4334 ,
4166 4253 4243 4320 ut
4290 4245 4457 4320 alias

1417 4367 1661 4462 gentes
1681 4367 1963 4434 taceam
1981 4417 2002 4448 ,
2043 4384 2085 4434 a
2121 4367 2511 4434 nostrarum
2554 4359 2788 4460 legum
2832 4361 3184 4459 proposito
3222 4361 3524 4437 alienum
3566 4371 3693 4439 est.
3778 4365 3929 4441 Nec
3973 4389 4130 4440 mee
4174 4365 4453 4464 quidem

1419 4480 1760 4555 sententia
1800 4479 2162 4556 immerito.
2253 4481 2583 4556 Fremant
2623 4503 2863 4555 omnes
2906 4480 3104 4569 licet,
3147 4481 3372 4558 dicam
3417 4483 3605 4582 quod
3652 4485 3905 4575 sentio;
3956 4510 4203 4590 parum
4248 4510 4453 4562 suum

1419 4600 1590 4674 iuris
1655 4599 1824 4674 certi
1885 4602 2351 4677 constituendi
2417 4600 2846 4701 propositum
2901 4601 3443 4702 adsequerentur
3492 4605 3913 4705 legislatores
3932 4665 3953 4696 ,
4010 4607 4071 4682 si
4118 4606 4453 4682 Codicum

1485 4861 1529 4932 ι)
1563 4853 1775 4916 Gellius
1807 4855 1944 4926 XX,
1979 4857 2032 4914 1.
