4942 6175
1440 1179 2263 1336 ΑΟΤΑΕΤ
2380 1178 3007 1293 GESTA

739 1457 853 1518 IN
912 1456 1677 1520 CONVENTIBUS
1737 1457 2370 1518 CLARISSIMI
2432 1456 2876 1519 ORDINIS
2936 1457 3704 1520 PROFESSORUM

1229 1698 1716 1786 ATHENAEI
1760 1698 2251 1785 ILLUSTRIS
2296 1697 2728 1785 AMSTELO
2738 1699 3220 1786 DAMENSIS

1805 1979 2031 2040 ANNO
2076 1978 2617 2041 clolocchxv.

701 2787 834 2861 Die
889 2787 982 2858 10
1032 2808 1127 2858 m.
1181 2780 1487 2855 Ianuarii
1530 2780 1677 2858 Vir.
1725 2779 1833 2856 01.
1878 2781 1965 2856 G.
2014 2781 2222 2870 Moss,
2286 2780 2548 2855 ordinis
2592 2803 2674 2856 eo
2711 2788 3018 2881 tempore
3059 2807 3333 2883 praeses
3353 2841 3374 2872 ‚
3425 2783 3757 2859 nonnulla

1039 2899 1389 3002 praefatus
1430 2900 1519 2974 de
1560 2899 1625 2974 vi
1659 2901 2120 2999 praemiorum
2147 2901 2220 2975 in
2248 2900 2684 2976 institutione
2722 2902 3000 3000 publica
3019 2963 3040 2993 ,
3079 2927 3330 2978 numos
3367 2927 3610 2978 aureos
3635 2903 3757 2977 tri-

1037 3022 1198 3098 buit
1234 3021 1407 3097 Iano
1434 3022 1848 3098 Freeseman
1898 3020 2174 3111 Victor,
2225 3022 2588 3121 utriusque
2635 3022 2809 3099 Iuris
2846 3022 3215 3099 candidato
3258 3023 3332 3097 in
3377 3020 3753 3103 Academia

1039 3141 1489 3241 Groningana
1532 3150 1605 3215 et
1644 3144 1693 3217 1.
1736 3143 1823 3217 G.
1856 3167 1985 3217 van
2014 3143 2136 3217 der
2157 3142 2321 3217 Lith
2346 3202 2365 3231 ,
2410 3143 2802 3219 Medicinae
2849 3144 3217 3219 candidato
3261 3143 3336 3217 in
3376 3142 3754 3220 Academia

1038 3260 1707 3338 Rheno-Traiectina
1730 3320 1749 3350 ‚
1802 3262 2275 3338 testimonium
2330 3262 2784 3338 honorificum
2813 3264 3136 3340 Diderico
3158 3263 3547 3365 Huizinga‚
3599 3264 3754 3338 Me-

1021 3382 1313 3458 ‘dicinae
1360 3380 1671 3457 studioso
1712 3382 1787 3457 in
1810 3382 2189 3459 Academia
2218 3384 2709 3484 Groningana,
2752 3385 2842 3460 ob
2885 3385 3495 3462 commentationes
3533 3382 3759 3458 ordini

1040 3502 1365 3577 lCtorum
1416 3510 1488 3575 et
1536 3502 1971 3577 Medicorum
2022 3503 2311 3579 oblatas.

703 3742 837 3818 Die
935 3744 983 3815 3
1036 3765 1126 3817 m.
1185 3739 1446 3839 Aprilis
1512 3738 1639 3812 Vir
1696 3739 2159 3813 Doctissimus
2218 3740 2421 3813 lanus
2492 3736 2915 3813 Guilielmus
2975 3738 3352 3837 Gunning,
3425 3736 3754 3813 Chemiae

1044 3868 1116 3934 et
1160 3858 1603 3933 Pharmaciae
1644 3858 1995 3933 Professor
2038 3866 2308 3932 creatus
2356 3859 2431 3931 in
2485 3858 2713 3933 locum
2759 3858 2907 3932 Viri
2950 3859 3056 3935 cl.
3108 3858 3418 3933 Eduardi
3463 3858 3755 3933 Henrici

1043 4004 1182 4054 von
1222 3978 1701 4067 Baumhauer,
1744 3978 1867 4075 qui
1913 4000 2137 4075 nuper
2182 3977 2592 4051 Harlemum
2642 3976 3161 4075 commigravit,
3224 4002 3482 4053 munus
3542 4001 3754 4052 suum

1046 4100 1443 4199 auspicatus
1489 4108 1595 4174 est
1642 4098 1948 4174 oratione
1966 4156 1985 4185 ,
2030 4124 2167 4197 qua
2220 4099 2634 4194 comparavit
2677 4105 2971 4172 veterum
3018 4106 3090 4173 et
3129 4101 3568 4174 recentiorum
3609 4099 3750 4195 opi·

1046 4224 1278 4296 niones
1326 4221 1411 4294 de
1462 4221 1929 4319 compositione
1970 4242 2193 4291 rerum
2214 4276 2237 4305 ,
2285 4216 2474 4291 edita
2519 4214 2648 4290 hoc
2693 4216 2960 4292 indice:
3023 4219 3170 4293 Een
3219 4218 3406 4294 eisch
3453 4241 3581 4292 van
3631 4215 3752 4291 het

1046 4337 1683 4415 natuuronderzoek
1732 4336 2103 4437 toegelicht
2157 4336 2261 4410 uit
2317 4337 2405 4410 de
2446 4336 2922 4436 geschiedenis
2973 4338 3096 4410 der
3143 4336 3586 4413 scheikunde.

710 4578 843 4652 Die
896 4579 986 4652 16
1039 4601 1131 4653 m.
1182 4576 1364 4651 Iunii
1413 4577 1537 4651 Vir
1583 4576 1691 4651 Cl.
1728 4574 1948 4674 Hugo
1992 4575 2383 4674 Beijerman
2434 4574 2780 4649 nuntiavit
2835 4599 2906 4649 se
2963 4584 3242 4673 propter
3288 4582 3583 4649 aetatem
3631 4573 3752 4649 ho-

1048 4706 1319 4772 nestam
1388 4696 1786 4771 missionem
1860 4695 2288 4794 impetrasse.
2394 4696 2472 4767 In
2551 4694 2750 4768 cuius
2797 4694 3024 4768 locum
3077 4694 3408 4769 suffectus
3453 4696 3753 4771 Thomas

1046 4815 1449 4892 Theodorus
1493 4814 1843 4890 Henricus
1894 4813 2182 4889 lorissen
2206 4871 2227 4903 ,
2295 4812 2648 4889 literarum
2707 4820 2777 4888 et
2824 4812 3146 4889 historiae
3201 4816 3460 4914 patriae
3511 4816 3756 4891 Lector
