4942 6175
1762 675 2319 748 ORATLO.
3432 679 3559 745 167

522 884 596 958 in
644 881 1006 982 disciplina
1023 939 1045 970 ,
1094 906 1275 981 quae
1314 907 1477 958 cum
1512 883 1685 958 iuris
1720 883 1953 959 studio
1992 883 2167 958 nihil
2199 908 2569 959 commune
2606 883 2858 960 habere
2901 884 3244 972 videatur,
3293 882 3559 958 faciunt

524 1011 605 1078 ut
667 1001 831 1078 huic
898 1026 1076 1078 nova
1140 1001 1370 1102 capita
1426 1003 1792 1080 addantur.
1892 1003 2035 1078 Vos
2057 1062 2078 1092 ,
2146 1004 2742 1102 quemadmodum
2805 1029 3053 1080 novam
3118 1004 3296 1080 hanc
3359 1001 3560 1102 quasi

520 1123 691 1198 iuris
757 1123 1179 1222 provinciam
1242 1122 1391 1220 pari
1464 1123 1670 1197 laude
1734 1121 2201 1220 perlustrastis
2222 1179 2243 1209 ‚
2304 1121 2404 1196 ita
2468 1121 2543 1196 in
2603 1121 2869 1219 reliquo
2917 1122 3304 1199 studiorum
3353 1144 3560 1196 cursu

520 1243 671 1342 pari
711 1243 919 1318 laude
966 1240 1542 1342 progrediamini!

600 1481 1003 1570 (Recitatm
1063 1482 1380 1555 iudicium
1424 1481 1509 1553 de
1548 1481 1940 1577 quaestione
1980 1479 2065 1552 de
2113 1478 2325 1554 libero
2368 1478 2814 1576 dequatorum
2851 1480 3096 1576 populi
3142 1481 3491 1568 arbitria)

616 1716 833 1792 Vobis
900 1717 1181 1792 tandem
1199 1775 1219 1806 ‚
1286 1716 1704 1792 ornatissimi
1752 1717 1841 1790 de
1906 1714 2144 1789 Stuers
2169 1774 2190 1803 ‚
2244 1738 2374 1790 van
2422 1716 2546 1790 der
2589 1717 2798 1817 Hoop
2823 1777 2843 1806 ‚
2893 1717 3230 1792 Ramaer!
3287 1719 3556 1795 tradam

517 1836 901 1936 praemium
952 1844 1024 1910 et
1074 1837 1473 1912 testimonia
1495 1895 1525 1925 ,
1569 1859 1781 1934 quare
1832 1843 1912 1909 ut
1970 1835 2106 1909 huc
2160 1833 2448 1909 veniatis
2501 1861 2618 1912 vos
2663 1838 2898 1911 invite.

614 2075 827 2150 Ecce!
879 2075 1173 2175 singulis
1220 2075 1291 2149 in
1344 2100 1630 2151 manum
1673 2075 1765 2149 do
1788 2133 1809 2164 ‚
1860 2075 2050 2172 quod
2092 2075 2287 2150 vobis
2325 2075 2752 2149 destinatum
2803 2082 2932 2150 est.
3033 2073 3251 2150 Vobis
3285 2101 3564 2176 quoque

517 2195 823 2294 gratulor
884 2205 1144 2271 vestros
1218 2196 1545 2271 honores!
1611 2196 1793 2269 Cum
1839 2194 2155 2270 videmus
2201 2195 2405 2270 hodie
2458 2195 2770 2293 quinque
2813 2194 2984 2270 iuris
3037 2196 3380 2271 studiosos
3425 2221 3565 2272 non

516 2315 740 2391 solum
800 2316 1263 2391 decertavisse
1289 2375 1310 2404 ‚
1378 2317 1499 2390 sed
1542 2315 1791 2416 partim
1846 2315 2151 2414 praemia
2173 2374 2193 2403 ‚
2243 2315 2496 2414 partim
2547 2315 2772 2389 laudis
2811 2323 3212 2390 ornamenta
3255 2324 3563 2416 reporta-

518 2434 695 2508 visse
714 2490 736 2521 ,
803 2433 1063 2531 quibus
1142 2433 1574 2508 condecorati
1646 2458 1685 2506 e
1756 2433 2128 2507 certamine
2198 2433 2532 2507 secedunt
2551 2493 2572 2522 ‚
2640 2458 2965 2532 apparere
3034 2435 3325 2510 dixerim
3397 2435 3568 2510 iuris

517 2553 750 2627 studia
833 2552 907 2627 in
980 2551 1353 2627 academiis
1371 2610 1392 2641 ‚
1460 2535 1813 2627 athenaeis
1888 2551 2129 2650 patriis
2199 2551 2462 2627 florere.
2583 2555 2746 2631 Qua
2811 2553 3090 2652 quidem
3162 2580 3235 2629 re
3300 2555 3562 2654 patriae

514 2669 723 2748 causa
775 2673 1133 2748 laetamur.
1234 2672 1418 2746 Cum
1463 2672 1649 2745 enim
1701 2695 1740 2744 e
1790 2671 2034 2745 ceteris
2078 2671 2526 2746 facultatibus
2565 2673 2706 2747 fere
2750 2674 3164 2772 proveniunt
3185 2732 3206 2762 ,
3259 2675 3384 2772 qui
3422 2676 3563 2750 alio

514 2793 724 2867 modo
779 2792 1042 2867 civitati
1099 2791 1365 2890 prosint
1383 2848 1404 2877 ,
1476 2813 1561 2864 ex
1624 2786 1866 2861 ordine
1920 2786 2071 2860 iure
2128 2788 2602 2862 consultorum
2650 2789 2792 2864 fere
2841 2791 3114 2889 prodire
3160 2791 3381 2865 solent
3439 2794 3563 2891 qui

513 2912 797 3012 publica
842 2935 1132 2986 munera
1178 2908 1587 3008 gravissima
1639 2905 1905 3006 gesturi
1954 2906 2112 2980 sint.
2216 2907 2361 2980 Hoc
2414 2907 2623 2982 etiam
2673 2909 2953 2983 nomine
2973 2969 2993 2998 ‚
3039 2910 3324 2986 iuvenes
3356 2937 3550 3011 egre-

516 3033 655 3135 gii,
722 3057 842 3107 vos
906 3056 1064 3132 spes
1130 3030 1297 3105 estis
1355 3029 1640 3130 patriae.
1739 3024 2065 3100 Vestrum
2129 3034 2238 3101 est
2293 3051 2533 3103 curare
2602 3037 2683 3103 ut
2750 3054 2838 3105 ne
2891 3031 3020 3107 hac
3066 3056 3186 3132 spe
3241 3032 3552 3125 fallatur3

517 3154 639 3227 sed
707 3152 889 3227 bono
944 3151 1163 3225 omini
1224 3160 1389 3226 sunt
1436 3174 1535 3253 ‚ea
1555 3207 1576 3236 ,
1626 3170 1805 3245 quae
1860 3145 2319 3244 praestitistis.
2423 3150 2904 3254 Quapropter,
2956 3160 3034 3226 ut
3081 3153 3331 3228 studiis
3381 3155 3557 3229 serio

514 3296 791 3371 operam
872 3271 1055 3344 detis
1125 3294 1243 3343 vos
1293 3268 1712 3344 admonendi
1769 3266 1879 3339 vix
1922 3289 2133 3340 causa
2179 3276 2305 3341 est.
2412 3268 2510 3341 Ut
2555 3269 2626 3343 in
2665 3279 3019 3369 posterum
3065 3274 3296 3348 studia
3338 3284 3560 3351 vestra

517 3392 781 3466 fructus
832 3388 1061 3466 ferant
1114 3396 1267 3463 tum
1311 3388 1413 3462 rei
1454 3386 1808 3487 publicae,
1857 3392 2008 3459 tum
2062 3385 2253 3479 vobis
2299 3387 2470 3485 ipsis
2494 3446 2514 3477 ‚
2567 3399 2724 3466 vota
2773 3392 3084 3466 facimus.

616 3628 753 3703 His
796 3630 1011 3729 igitur
1056 3627 1343 3701 feliciter
1386 3612 1679 3726 peractis
1733 3626 1809 3699 id
1858 3651 2075 3701 unum
2122 3637 2452 3725 superest
2497 3628 2848 3726 agendum
2898 3637 2975 3704 ut
3026 3654 3280 3704 munus
3301 3690 3322 3719 ‚
3373 3632 3562 3729 quod

518 3749 649 3823 hoc
691 3774 873 3823 anno
908 3748 1298 3823 academico
1331 3747 1555 3846 gessi,
1605 3771 1648 3820 a
1680 3747 1874 3845 Rege
1913 3747 2409 3844 augustissimo
2451 3748 2623 3823 mihi
2660 3749 2824 3822 dato
2861 3750 3234 3824 successori
3269 3750 3558 3827 tradam.

616 3869 869 3967 Itaque
932 3876 1003 3943 te
1022 3925 1042 3956 ‚
1111 3869 1281 3941 Iane
1352 3866 1701 3941 Gulielme
1750 3866 2137 3941 Ermerinsl
2190 3877 2522 3943 rectorem
2571 3868 3031 3942 universitatis
3075 3868 3562 3970 Groninganae

516 3988 974 4087 magnificum
1036 3986 1416 4087 pronuncio
1470 4012 1551 4061 ac
1597 3986 1886 4061 declaro.
3149 4008 3160 4023 ‘

618 4108 817 4182 Salve
841 4165 861 4196 ‚
912 4132 1087 4181 nove
1130 4107 1423 4181 Rector!

618 4228 777 4301 Non
818 4227 1077 4301 invitus
1096 4285 1116 4316 ‚
1166 4226 1423 4302 amice!
1479 4224 1607 4298 tibi
1648 4222 1818 4297 cedo
1866 4217 2083 4295 fasces
2124 4222 2594 4300 Academicos.

621 4347 944 4421 Officium
1006 4371 1199 4435 vero,
1266 4345 1455 4443 quod
1505 4343 1796 4441 suscipis
1815 4400 1835 4431 ‚
1894 4341 2067 4429 tibi,
2130 4342 2318 4439 quod
2364 4343 2535 4417 mihi
2581 4345 2948 4444 contigisse
2994 4352 3190 4444 grato
3231 4348 3554 4445 profiteor

518 4465 750 4541 animo
769 4525 790 4556 ‚
840 4468 1237 4542 sublevetur
1277 4466 1589 4540 omnium
1632 4487 1797 4561 erga
1838 4468 1907 4535 te
1960 4460 2441 4539 benivolentia.

612 4586 922 4676 Floreat,
974 4594 1044 4660 te
1094 4586 1387 4661 Rectore
1410 4644 1430 4673 ‚
1479 4583 1829 4659 academia
1876 4582 2361 4680 Groninganal
