4942 6175
1742 683 2298 751 ORATIO.
3415 681 3542 747 109

498 898 859 992 praecepta
922 893 1233 992 quotidie
1308 893 1447 968 fere
1520 893 1595 966 in
1668 891 1963 967 dubium
2034 893 2258 967 vocari
2324 901 2395 966 et
2461 915 2584 990 per
2649 892 3020 966 contrarios
3068 889 3322 964 civium
3380 911 3546 962 usus

498 1011 646 1085 tolli
714 1010 945 1087 denuo
1021 1012 1345 1089 sinerent.
1447 1011 1788 1090 Quocirca
1855 1035 1994 1086 non
2068 1011 2556 1111 vituperandos
2614 1009 2937 1108 equidem
2987 1010 3110 1084 sed
3161 1006 3544 1083 laudandos

497 1138 771 1206 nostros
818 1131 1132 1207 homines
1178 1157 1457 1221 censeo,
1504 1130 1693 1230 quod
1740 1131 1815 1204 in
1874 1130 2026 1230 ipso
2074 1131 2413 1208 Codicum
2460 1129 2807 1231 prooemio
2859 1129 3042 1202 Iuris
3093 1125 3537 1202 consuetudi·

498 1250 675 1324 narii
740 1251 1220 1326 auctoritatem
1289 1250 1493 1325 certis
1560 1248 2018 1348 angustisque
2085 1251 2766 1349 circumscripserunt
2817 1248 2988 1323 finib
2997 1275 3076 1324 us
3100 1308 3120 1337 ,
3175 1256 3246 1322 et
3293 1248 3546 1320 diserte

501 1376 1033 1469 praeceperunt,
1086 1370 1273 1470 leges
1320 1393 1457 1444 non
1512 1391 1640 1442 sna
1684 1367 1993 1464 ipsarum
2045 1373 2387 1441 vetustate
2432 1389 2949 1454 consenescere,
2999 1365 3122 1440 sed
3172 1365 3306 1440 nisi
3352 1364 3546 1436 novis

498 1487 785 1587 perlatis
832 1488 1105 1588 legibus
1156 1513 1292 1564 non
1345 1485 1681 1586 abrogari.

598 1605 756 1680 Hoc
827 1615 1057 1680 tamen
1130 1613 1576 1706 praeceptum
1634 1627 1855 1703 quum
1911 1605 2195 1704 probem
2250 1627 2668 1704 magnopere
2693 1661 2713 1691 ,
2762 1604 2862 1678 ita
2913 1604 3196 1678 demum
3249 1603 3544 1701 proban-

498 1725 667 1800 dum
718 1735 863 1813 est,
910 1725 971 1800 si
1022 1733 1218 1801 cavet
1268 1725 1615 1825 legislator
1660 1747 1749 1798 ne
1799 1723 1987 1823 leges
2034 1723 2523 1798 consuetudini
2573 1733 2982 1823 repugnent.
3061 1723 3287 1797 Simul
3337 1727 3546 1821 atque

496 1845 625 1919 hoc
686 1845 847 1932 fiet,
918 1845 1173 1920 mutari
1242 1844 1643 1932 debebunt,
1710 1867 1800 1918 ne
1866 1843 2167 1943 populus
2239 1867 2363 1941 pro
2432 1843 2606 1943 legis
2681 1845 3056 1919 reverentia
3107 1842 3548 1918 evitationem

496 1963 705 2063 legis.
732 1963 867 2038 sibi
938 1964 1421 2064 requirendam
1486 1987 1639 2037 esse
1700 1962 2075 2037 existimet.
2180 1963 2445 2036 Rerum
2494 1963 2680 2038 enim
2725 1973 2970 2038 natura
3015 1963 3551 2062 magistratuum

498 2083 791 2158 decretis
836 2084 1251 2159 commutari
1300 2107 1441 2158 non
1500 2091 1746 2182 potest.
1850 2081 2105 2156 Vetare
2157 2090 2453 2181 possunt
2505 2081 2926 2180 legislatores
2975 2082 3346 2181 quominus
3390 2105 3550 2157 oon-

496 2201 853 2276 suetudini
898 2203 1305 2290 obediatur,
1354 2203 1833 2278 obmutescere
1880 2225 2032 2276 eam
2086 2201 2305 2276 frusta
2351 2201 2718 2277 iubebunt.
2797 2202 2949 2278 Vox
2991 2203 3140 2278 eius
3160 2262 3178 2290 ,
3228 2225 3552 2301 oppressa

499 2321 659 2395 licet
683 2381 703 2409 ,
772 2321 1095 2396 audietur
1162 2331 1415 2398 tamen.
1518 2321 1875 2408 Monebit,
1946 2319 2370 2408 hortabitur,
2444 2321 2764 2418 urgebit,
2833 2323 3142 2396 instabit.
3245 2322 3552 2398 Flectere

498 2441 556 2513 si
608 2443 853 2538 nequit
896 2465 1180 2539 superos
1227 2441 1622 2515 Acheronta
1674 2439 2019 2527 movebit,
2072 2464 2247 2538 quas
2297 2439 2634 2540 abrogare
2682 2464 2818 2515 non
2873 2441 3125 2516 valebit
3169 2441 3356 2540 leges
3399 2465 3550 2539 per-

493 2567 785 2658 ruptura
834 2556 1115 2633 tandem
1168 2566 1241 2632 et
1289 2559 1730 2657 perfractura.

594 2677 843 2757 Qualis
890 2685 1057 2752 tunc
1104 2677 1195 2751 sit
1232 2701 1461 2752 rerum
1502 2685 1727 2753 status
1771 2677 2049 2752 futurus
2071 2736 2091 2766 ,
2133 2679 2447 2752 omnium
2495 2679 2567 2753 in
2611 2680 2828 2753 oculis
2859 2689 2985 2752 est.
3053 2679 3546 2754 Luculentissi·

496 2822 687 2872 mum
736 2798 1132 2896 exemplum
1180 2795 1465 2897 praebet
1514 2797 1685 2872 iuris
1745 2795 2129 2871 mercatorii
2174 2795 2243 2870 in
2298 2795 2524 2895 patria
2571 2805 2804 2872 nostra
2855 2821 3178 2895 praesens
3222 2798 3545 2873 conditio.

492 2917 849 2992 Permulta
914 2915 1123 2991 huius
1194 2917 1365 2990 iuris
1413 2917 1639 3017 capita
1688 2915 1998 2991 obsoleta
2046 2922 2257 3014 atque
2307 2916 2407 2991 ita
2457 2917 2546 2991 ab
2599 2917 2966 2992 hodiernae
3015 2917 3192 2992 vitae
3249 2917 3541 2992 necessi-

494 3035 759 3111 tatibus
824 3036 1049 3111 aliena
1114 3059 1265 3111 esse
1288 3096 1307 3125 ,
1383 3044 1464 3111 ut
1514 3035 1585 3111 in
1634 3035 1987 3111 communi
2032 3042 2493 3112 mercatorum
2542 3037 2704 3114 odio
2755 3045 3138 3126 versentur,
3189 3061 3392 3115 nemo
3439 3047 3547 3111 est

494 3156 615 3254 qui
661 3157 944 3231 nesciat.
1024 3156 1281 3231 Merito
1332 3156 1549 3255 igitur
1600 3156 2103 3254 exspectaveris
2126 3214 2146 3243 ,
2196 3155 2658 3255 legislatores,
2704 3184 2778 3233 re
2828 3156 3102 3257 cognita
3126 3216 3146 3245 ‚
3200 3156 3372 3233 nihil
3423 3158 3542 3233 ha·

494 3275 729 3351 buisse
797 3276 1155 3375 antiquius
1180 3335 1201 3365 ,
1273 3301 1483 3375 quam
1564 3276 1855 3375 repetita
1924 3274 2195 3350 illorum
2262 3277 2570 3376 capitum
2621 3277 3072 3376 praelectione
3119 3286 3542 3353 mercaturae

494 3419 703 3493 quam
748 3396 1080 3471 citissime
1124 3404 1409 3495 possent
1454 3396 1798 3471 auxilium
1849 3394 2045 3469 ferre.
2148 3396 2359 3473 Quod
2414 3406 2492 3471 ut
2543 3396 2800 3473 factum
2847 3398 2938 3472 sit
2983 3404 3256 3472 tantum
3304 3396 3538 3485 abest,

494 3524 575 3589 ut
634 3540 755 3613 per
812 3516 1097 3613 triginta
1158 3515 1300 3590 fere
1340 3540 1557 3589 annos
1594 3515 1685 3589 ad
1726 3513 2151 3590 adiuvandas
2196 3540 2304 3589 res
2350 3518 2784 3592 mercatorias
2828 3516 3000 3590 nihil
3039 3516 3320 3603 omnino
3359 3514 3536 3589 fece·

493 3635 653 3709 rint.
757 3634 912 3709 Hac
962 3634 1429 3733 legislatorum
1477 3634 1785 3709 socordia
1832 3632 2059 3710 dicam
2112 3660 2199 3708 an
2250 3636 2626 3735 pertinacia
2669 3660 2848 3735 quae
2891 3636 3170 3709 taudem
3219 3633 3398 3707 facta
3446 3634 3536 3708 sit

494 3752 665 3825 iuris
714 3753 1017 3827 conditio
1062 3754 1251 3827 haud
1300 3754 1499 3829 facile
1542 3755 1911 3853 quisquam
1957 3754 2344 3829 crediderit.
2446 3756 2704 3829 Omnia
2751 3754 3009 3827 incerta
3057 3762 3252 3841 sunt,
3303 3753 3535 3828 omnia

491 3871 565 3945 in
620 3870 915 3947 dubium
973 3882 1327 3947 vocantur.
1429 3873 1741 3971 Legibus
1790 3875 1975 3948 enim
2022 3874 2277 3973 ineptis
2322 3883 2395 3948 et
2444 3884 2676 3948 nostro
2729 3872 3020 3972 tempori
3066 3896 3202 3947 non
3247 3897 3529 3947 consen·

493 3992 715 4065 taneis
766 4000 889 4066 aut
930 3991 1215 4065 omnino
1259 4015 1396 4066 non
1448 3998 1689 4091 parent
1734 3998 2181 4081 mercatores,
2225 4002 2347 4068 aut
2394 3994 2492 4067 ita
2533 4001 2812 4093 parent,
2867 4003 2972 4079 ut,
3017 3992 3220 4066 salvis
3269 3992 3529 4081 verbis,

494 4110 906 4186 sententiam
946 4136 1182 4186 earum
1227 4112 1785 4188 circumveniant.
1865 4112 2103 4187 Unum
2148 4121 2219 4187 et
2258 4115 2552 4189 alterum
2599 4112 2992 4210 exemplum
3034 4112 3274 4188 afferre
3310 4112 3527 4189 lubet.

492 4228 761 4326 Pignus
804 4229 955 4303 iure
999 4238 1235 4303 nostro
1281 4254 1417 4303 non
1464 4229 1893 4304 contrahitur
1944 4230 2136 4304 nudo
2186 4239 2385 4328 pacto
2405 4290 2423 4318 ,
2477 4232 2598 4305 sed
2649 4220 2720 4306 in
2773 4232 3045 4332 magnis
3091 4242 3273 4307 certe
3321 4233 3528 4313 rebus

492 4346 902 4445 scripturam
965 4348 1293 4447 requirit,
1366 4357 1435 4423 et
1503 4348 2041 4425 insinuationem
2108 4350 2181 4424 in
2251 4361 2405 4426 acta
2472 4352 2790 4451 publica,
2854 4376 3064 4450 quam
3115 4351 3286 4425 ferre
3335 4351 3526 4425 nullo

492 4465 701 4539 modo
766 4474 991 4564 potest
1036 4469 1345 4544 celeriter
1396 4470 1977 4546 conficiendarum
2024 4480 2096 4545 et
2146 4471 2783 4570 coniungendarum
2829 4472 3010 4546 inter
3057 4496 3130 4547 se
3173 4472 3520 4546 actionum

492 4584 884 4660 necessitas.
986 4588 1373 4687 Negligunt
1437 4589 1651 4688 igitur
1718 4598 1790 4664 et
1858 4592 2415 4689 praetermittunt
2479 4616 2630 4667 eam
2681 4599 3120 4678 mercatoreS,
3171 4599 3242 4665 et
3261 4650 3281 4678 ,
3331 4592 3521 4665 aliud

488 4713 809 4803 agentes,
872 4704 1063 4780 aliud
1128 4706 1533 4783 simulantes
1551 4767 1572 4797 ,
1640 4718 1959 4807 pangunt
2017 4734 2141 4808 pro
2208 4709 2618 4810 pignoribus
2668 4712 3002 4785 emtiones
3055 4709 3479 4785 venditiones
3497 4770 3517 4799 ,

488 4824 773 4900 adiectis
836 4826 1056 4923 pactis
1118 4825 1207 4901 de
1268 4827 1830 4905 retrovendendo.
1930 4830 2493 4907 Assecurationes
2569 4854 2768 4905 nemo
2823 4831 2930 4906 vel
2990 4830 3358 4929 stipulatur
3419 4831 3521 4905 vel
