4942 6175
1769 656 2326 725 ORATIO.
3490 658 3567 725 11

529 864 690 939 dam
750 872 876 940 aut
943 863 1409 941 adiuvandam
1468 866 1720 940 idonei.
1823 866 1966 941 Sed
2019 891 2103 942 ex
2167 891 2252 941 ea
2317 890 2392 941 re
2455 866 2529 940 id
2580 890 2859 965 quoqne
2910 865 3293 941 necessario
3335 889 3572 941 conse-

527 984 764 1083 quitur
821 995 905 1059 ut
961 984 1096 1074 illi,
1157 986 1286 1083 qui
1347 1008 1430 1059 ex
1496 986 1910 1060 Academica
1976 986 2412 1061 institutione
2474 986 2809 1083 prodeant
2826 1046 2847 1075 ‚
2912 1010 3076 1086 prae
3138 985 3424 1061 caeteris
3484 986 3577 1062 ad

521 1103 1022 1202 rempublicam
1097 1102 1468 1203 gerendam
1529 1113 1602 1179 et
1659 1105 2124 1179 adiuvandam
2148 1161 2169 1192 ,
2236 1104 2468 1179 idonei
2526 1128 2677 1179 esse
2726 1107 3005 1204 publice
3054 1106 3573 1193 existimentur,

523 1222 710 1297 unde
772 1223 902 1297 boc
967 1224 1282 1322 sequitur
1333 1246 1482 1297 esse
1529 1248 1570 1297 e
1619 1222 1974 1321 republica
2019 1234 2098 1299 ut
2149 1225 2648 1299 Universitates
2700 1250 2911 1323 quam
2966 1225 3229 1325 optime
3270 1224 3571 1300 officium

522 1368 727 1418 suum
777 1350 1121 1441 praestare
1169 1342 1454 1441 possint.
1544 1344 1747 1421 Quae
1797 1346 1888 1418 sit
1932 1345 2002 1418 in
2057 1368 2334 1443 quaque
2381 1368 2454 1417 re
2500 1344 2675 1417 ratio
2723 1346 3026 1442 optima,
3079 1344 3375 1419 dubium
3422 1366 3573 1417 esse

520 1470 782 1561 potest,
833 1462 952 1537 sed
1005 1458 1300 1537 dubium
1357 1486 1496 1537 non
1539 1472 1648 1537 est
1697 1464 1888 1562 quod
1937 1463 2196 1539 dicam:
2253 1464 2312 1537 si
2365 1487 2644 1537 necesse
2687 1471 2797 1537 est
2845 1462 2915 1536 in
2968 1486 3125 1539 eam
3170 1487 3315 1537 rem
3366 1463 3569 1539 liber-

522 1588 732 1657 tatem
797 1580 1058 1660 finibus
1121 1581 1545 1681 quibusdam
1603 1582 2120 1672 circumscribi,
2186 1583 2262 1657 id
2317 1583 2507 1683 quod
2552 1606 2829 1659 necesse
2878 1592 2987 1657 est
3030 1582 3245 1657 simul
3301 1583 3568 1657 iustum

517 1708 588 1775 et
649 1724 954 1800 aequum
1021 1710 1151 1775 est.
1253 1702 1614 1780 Quamdiu
1686 1704 1906 1802 ipsius
1977 1702 2395 1803 reipublicae
2449 1703 2799 1791 intererit,
2866 1702 3057 1802 quod
3110 1713 3182 1777 et
3237 1701 3569 1802 quemad·

519 1820 807 1895 modum
869 1820 1370 1897 Universitates
1436 1824 1948 1898 constituantur
1969 1882 1990 1912 ,
2062 1822 2327 1899 tamdiu
2396 1823 2675 1922 publice
2735 1823 2867 1897 erit
2932 1822 3435 1921 providendum
3502 1831 3575 1896 et

518 1950 596 2015 ut
643 1949 961 2017 constent
1007 1949 1084 2015 et
1133 1951 1214 2015 ut
1265 1942 1510 2019 uberes
1561 1940 1830 2017 fructus
1877 1942 2122 2019 ferant.

610 2061 939 2136 Alienum
987 2069 1093 2136 est
1141 2061 1234 2137 ab
1279 2061 1560 2161 ingenio
1609 2063 1916 2139 humano
1967 2063 2360 2139 existimare
2411 2062 2655 2138 eadem
2703 2088 2889 2139 nunc
2931 2061 3261 2137 omnibus
3310 2060 3573 2161 placere

515 2204 694 2278 quae
733 2188 898 2255 ante
941 2180 1066 2256 hos
1117 2180 1626 2282 quinquaginta
1677 2206 1898 2258 annos
1946 2184 2332 2283 placebant.
2437 2183 2793 2265 Nonnulla
2841 2182 3054 2256 videri
3098 2180 3573 2269 emendanda,

513 2300 842 2376 nonnulla
904 2300 1256 2375 emendari
1322 2310 1636 2401 oportere
1654 2359 1675 2390 ,
1745 2303 1903 2401 quis
1973 2303 2392 2378 mirabitur?
2480 2303 2618 2378 Sed
2683 2328 2771 2379 an
2842 2326 2983 2377 non
3048 2312 3156 2377 est
3213 2311 3577 2400 propterea

510 2444 632 2496 cur
699 2444 782 2495 ea
849 2420 1217 2496 laudemus
1279 2445 1462 2519 quae
1527 2446 1710 2495 anno
1777 2424 1966 2495 1815
2028 2429 2406 2497 constituta
2467 2424 2687 2495 sunt?
2786 2424 2941 2496 Imo
3014 2446 3170 2496 vero
3213 2422 3403 2518 apud
3458 2445 3572 2495 me

511 2548 783 2614 constat
828 2538 1106 2613 illorum
1155 2547 1548 2638 temporum
1599 2539 2024 2639 legislatores
2041 2598 2061 2628 ‚
2111 2541 2234 2639 qui
2285 2540 2359 2615 et
2407 2550 2705 2615 veterem
2762 2562 3023 2615 morem
3077 2540 3575 2614 Academicum

511 2658 644 2733 sub
695 2659 872 2756 Rep.
925 2656 1002 2731 et
1051 2666 1392 2732 recentem
1442 2658 1577 2733 sub
1637 2660 1904 2735 Gallica
1949 2660 2418 2735 dominatione
2461 2659 2675 2759 probe
2732 2665 3056 2746 nossent,
3108 2656 3285 2733 nihil
3328 2658 3577 2733 melius

508 2786 632 2852 aut
702 2777 1170 2875 praestantius
1241 2776 1542 2877 proferre
1627 2780 1956 2879 potuisse.
2060 2781 2154 2853 Et
2223 2780 2705 2855 criminabitur
2778 2778 3027 2878 aliquis
3098 2778 3327 2853 adhuc
3398 2778 3574 2853 illud

512 2899 887 2972 Decretum
953 2896 1174 2973 valere
1193 2954 1214 2985 ,
1287 2922 1718 2997 quamquam
1769 2898 2288 2975 emendandum
2337 2924 2489 2975 esse
2543 2922 2785 2973 omnes
2839 2898 3283 2973 consentiunt
3334 2907 3408 2973 et
3460 2898 3571 2973 lex

511 3016 1048 3092 fundamentalis
1097 3016 1330 3106 iubet,
1395 3042 1822 3117 quamquam
1871 3043 2112 3094 omnes
2161 3020 2335 3120 legis
2384 3020 2551 3095 vitia
2592 3020 2988 3121 arguimus,
3052 3018 3176 3094 sed
3218 3042 3423 3093 nemo
3462 3029 3571 3094 est

510 3137 631 3236 qui
705 3137 1054 3236 corrigat?
1149 3137 1288 3212 Sed
1351 3138 1698 3238 quidquid
1756 3140 2007 3238 aliquis
2071 3141 2418 3216 criminari
2465 3151 2591 3216 aut
2639 3142 2837 3240 queri
2881 3139 3135 3238 poterit
3176 3139 3265 3212 de
3312 3139 3567 3214 modo

513 3281 652 3356 quo
701 3257 996 3332 docendi
1049 3257 1500 3357 discendique
1557 3259 1838 3334 libertas
1883 3269 2040 3336 tum
2085 3262 2296 3336 fuerit
2335 3262 2711 3336 constituta
2730 3319 2751 3350 ,
2802 3284 3007 3336 nemo
3058 3258 3257 3335 facile
3296 3259 3568 3358 optabit

508 3378 652 3452 fore
703 3385 782 3452 ut
831 3401 1009 3452 nova
1054 3377 1166 3452 lex
1212 3377 1366 3454 aliis
1411 3403 1627 3478 quam
1679 3380 1788 3455 his
1836 3381 2344 3481 principiis
2393 3383 2677 3456 nitatur.

605 3499 714 3572 De
788 3497 1004 3572 libera
1053 3499 1346 3574 docendi
1396 3499 1730 3590 methodo
1751 3497 1756 3502 ’
1777 3523 1982 3574 nemo
2033 3501 2366 3598 queritur.
2488 3499 2875 3599 Legislator
2914 3506 2987 3583 et
3028 3521 3171 3572 rem
3216 3497 3439 3595 ipsam
3492 3507 3563 3570 et

507 3617 900 3692 efficiendae
953 3617 1053 3691 rei
1119 3619 1452 3693 rationem
1527 3630 1712 3695 recte
1778 3619 2146 3719 perspexit.
2249 3618 2433 3700 Quis
2488 3627 2597 3694 est
2649 3619 2772 3717 qui
2826 3617 3062 3693 credat
3112 3616 3299 3692 illam
3354 3615 3555 3690 liber·

506 3745 721 3811 tatem
771 3737 1032 3811 utiliter
1081 3761 1282 3836 posse
1331 3739 1708 3814 imminui?

605 3855 896 3929 Summo
967 3856 1114 3930 iure
1187 3857 1583 3957 Kemperus
1647 3858 1954 3934 laudavit
2026 3858 2504 3933 liberalitatem
2528 3915 2548 3946 ,
2623 3880 2765 3955 qua
2824 3862 3265 3955 prospectum
3322 3863 3429 3928 est
3476 3866 3554 3930 ut

505 3973 654 4047 sine
695 3997 862 4048 cura
909 3973 1196 4048 honeste
1245 3984 1318 4049 et
1370 3977 1557 4051 laute
1602 3978 1908 4051 viverent
1952 3981 2074 4075 qui
2128 3977 2562 4076 disciplinam
2611 3975 3093 4051 Academicam
3142 3983 3373 4082 essent
3416 3983 3549 4048 tro·

505 4091 737 4169 dituri.
841 4095 1206 4174 Quantum
1283 4095 1502 4171 distat
1573 4097 1690 4172 illa
1767 4097 2138 4172 liberalitas
2217 4124 2258 4172 a
2329 4095 2605 4171 sordida
2672 4095 3093 4195 parcimonia
3154 4093 3551 4168 recentioris

506 4213 872 4288 memoriae
937 4237 1120 4312 quae
1177 4215 1246 4288 in
1309 4216 1502 4290 nulla
1547 4217 1680 4292 alia
1726 4241 1800 4290 re
1849 4215 1984 4290 fuit
2029 4216 2387 4291 sordidior.
2490 4217 2705 4291 Recte
2753 4214 3007 4290 dixeris
3050 4213 3219 4313 legis
3271 4223 3544 4288 mutan-

503 4333 629 4407 dae
668 4333 980 4408 animum
1025 4342 1098 4408 et
1149 4334 1466 4434 peritiam
1515 4336 1704 4410 cerni
1747 4337 2186 4436 potissimum
2239 4337 2312 4410 in
2365 4333 2879 4434 supprimendis
2934 4333 3239 4407 nummis
3288 4331 3413 4430 qui
3454 4355 3543 4406 ox

500 4451 650 4551 lege
699 4451 771 4526 in
825 4475 1030 4528 usum
1082 4453 1180 4528 rei
1202 4503 1208 4508 -
1227 4455 1686 4531 Academicae
1735 4455 2060 4559 erogandi
2109 4455 2422 4530 fuissent.

594 4571 922 4670 Spirabat
983 4571 1356 4649 Decretum
1423 4576 1589 4650 anni
1657 4579 1842 4652 1815
1907 4577 2164 4675 largam
2231 4574 2733 4649 liberalitatem.
2835 4572 2993 4646 Non
3040 4578 3191 4646 erat
3234 4595 3399 4648 cura
3439 4574 3537 4648 rei

497 4690 952 4765 Academicus
1021 4713 1146 4790 pro
1211 4715 1418 4768 onere
1483 4695 1859 4793 legislatori
1922 4719 2132 4795 quam
2199 4696 2495 4796 pecunia
2574 4693 2950 4768 redemtam
3030 4691 3253 4768 vellet.
3374 4693 3531 4766 Non

498 4818 770 4885 tantum
792 4868 813 4899 ,
864 4836 1044 4910 quae
1093 4811 1164 4885 in
1223 4836 1368 4888 rem
1417 4825 1846 4913 praesentem
1900 4826 2046 4893 erat
2093 4817 2472 4894 necessaria
2516 4811 2846 4914 pecunia,
2897 4811 3363 4913 suppeditavit
3410 4811 3531 4886 sed

3098 4931 3199 5007 2*
