4942 6175
1020 1736 1466 1800 AUDITomts
1505 1736 2046 1799 HUMAmssml
2063 1782 2078 1809 ,
2121 1734 2759 1797 EXOPTATISSIMH

627 2162 1136 2239 Praeterierunt
1214 2166 1373 2239 anni
1449 2164 1662 2263 paulo
1735 2164 1895 2262 plus
1974 2186 2186 2263 quam
2261 2162 2769 2263 quinquaginta
2834 2200 2928 2213 -
3002 2160 3341 2261 agebatur
3424 2160 3574 2235 dies

531 2290 769 2359 sextus
833 2284 1092 2358 mensis
1159 2282 1576 2359 Novembris
1634 2284 1799 2359 anni
1873 2283 2082 2357 huius
2145 2282 2400 2357 saeculi
2477 2282 2727 2358 decimi
2784 2282 3013 2382 quinti
3072 2318 3165 2335 -
3226 2304 3443 2379 quum
3499 2280 3573 2354 in

531 2401 706 2477 urbe
751 2410 986 2478 nostra
1033 2403 1455 2479 festissimus
1505 2404 1656 2477 dies
1708 2402 2186 2478 celebraretur.
2323 2396 2334 2413 ’

628 2522 1012 2597 Prodibant
1075 2548 1162 2598 ex
1234 2523 1426 2598 ouria
1491 2521 1928 2621 Amplissimi
2002 2522 2370 2596 Curatores
2439 2530 2813 2619 praeeunte
2878 2520 3047 2596 Viro
3118 2544 3391 2596 summo
3462 2520 3577 2593 oui

531 2640 1002 2717 Institutionis
1067 2641 1401 2717 Publicae
1445 2640 1790 2739 Regimen
1838 2648 1983 2715 erat
2027 2639 2472 2715 commissum
2524 2646 2595 2713 et
2642 2629 3107 2737 prosequente
3156 2646 3303 2713 toto
3350 2638 3575 2713 Decu-

529 2760 804 2835 rionum
867 2759 1126 2835 ordine.
1226 2759 1609 2835 Prodibant
1667 2784 1750 2833 ex
1813 2759 2126 2835 aedificio
2184 2758 2601 2835 Academico
2654 2758 2907 2833 Rector
2952 2760 3375 2859 Magnificus
3417 2782 3579 2832 oum

532 2862 796 2955 Senatu
835 2888 1295 2979 prosequente
1349 2886 1496 2954 tota
1542 2879 1926 2955 iuventutis
1970 2878 2424 2955 Academicae
2476 2878 2951 2955 multitudine.
3019 2880 3285 2953 Omnes
3329 2902 3581 2977 magna
3630 2880 3649 2901 ²

422 2982 434 2999 ⁶
531 3022 786 3100 pompa
854 3006 1105 3098 petunt
1179 3000 1419 3073 Sancti
1493 3000 1684 3074 Petri
1759 2998 2027 3075 aedem.
2158 3002 2468 3099 Apparet
2542 2997 2992 3073 Academiam
3066 2998 3321 3072 festum
3396 2996 3581 3072 diem

532 3145 756 3220 agere.
873 3118 1098 3196 Simul
1162 3127 1454 3220 apparet
1520 3145 1957 3196 communem
2031 3121 2341 3196 omnium
2415 3127 2560 3194 tota
2630 3119 2803 3194 urbe
2877 3127 3161 3221 totaque
3226 3119 3585 3194 Provincia

533 3263 688 3316 eam
759 3238 1092 3314 laetitiam
1149 3263 1338 3329 esse,
1407 3253 1489 3315 ut
1553 3241 1729 3316 laeta
1788 3240 2242 3340 plurimorum
2289 3238 2601 3338 undique
2650 3239 3149 3315 confluentium
3195 3237 3583 3337 frequentia

531 3383 672 3436 non
734 3358 952 3459 possit
1000 3359 1183 3434 intra
1238 3367 1578 3459 angustos
1623 3359 1835 3436 huius
1879 3359 2228 3434 Auditorii
2273 3359 2569 3458 parietes
2620 3359 2977 3434 contineri.
3078 3359 3179 3433 Ut
3226 3359 3301 3433 in
3349 3382 3581 3434 saecu-

531 3477 794 3555 laribus
861 3485 932 3553 et
1004 3479 1646 3555 semisaecularibus
1707 3479 2080 3580 requiritur
2140 3477 2231 3554 ad
2301 3479 2631 3553 feriarum
2688 3479 3157 3554 celebritatem
3228 3477 3580 3577 patentius

533 3598 816 3698 aliquod
857 3606 929 3672 et
971 3597 1341 3697 augustius
1391 3601 1752 3698 templum.
1855 3599 2090 3674 Maius
2139 3599 2323 3674 enim
2383 3609 2454 3673 et
2500 3599 2803 3698 amplius
2846 3598 3111 3698 aliquid
3170 3623 3383 3696 quam
3432 3621 3580 3671 sae·

535 3718 790 3794 cularia
857 3718 1124 3818 agitur:
1194 3718 1426 3818 agitur
1491 3719 1566 3793 id
1636 3720 1866 3818 ipsum
1947 3720 2133 3793 unde
2207 3725 2655 3817 postventura
2735 3719 3109 3794 saecularia
3182 3724 3576 3791 nascantur.

534 3837 847 3937 Antiqua
908 3836 1285 3913 Academia
1303 3895 1324 3926 ,
1391 3838 1632 3939 iniqua
1686 3838 2152 3914 dominatione
2213 3839 2272 3913 si
2323 3863 2461 3913 non
2508 3837 2735 3912 deleta
2782 3847 2855 3912 at
2902 3847 3086 3912 certe
3133 3836 3455 3911 mutilata
3508 3843 3581 3909 et

535 3963 852 4032 truncata
908 3955 1298 4029 restituitur
1367 3955 1442 4029 in
1513 3956 1865 4054 integrum
1886 4012 1907 4043 ,
1974 3967 2046 4030 et
2113 3981 2199 4030 ex
2255 3966 2493 4031 renata
2548 3957 2791 4055 populi
2854 3957 3170 4032 libertate
3216 3957 3453 4032 statim
3508 3964 3580 4030 et

533 4075 686 4175 ipsa
733 4073 1132 4149 renascitur.

637 4193 1143 4269 Praeterierunt
1204 4190 1464 4267 interea
1533 4191 1699 4267 anni
1767 4192 2307 4292 quinquaginta:
2385 4219 2497 4268 me
2560 4196 2852 4271 Rectore
2913 4204 3074 4270 ante
3129 4194 3255 4270 hos
3316 4219 3572 4294 paucos

534 4337 812 4390 menses
868 4311 1406 4388 semisaecularis
1464 4335 1803 4387 annorum
1859 4337 2104 4387 cursus
2163 4322 2444 4387 exactus
2502 4322 2628 4390 est.
2728 4315 3041 4390 Profecto
3090 4313 3304 4414 digna
3360 4321 3572 4388 mate-

529 4433 674 4508 ries
739 4439 886 4521 est,
955 4429 1044 4505 de
1087 4456 1226 4529 qua
1293 4431 1596 4529 primum
1661 4431 1972 4506 omnium
2025 4430 2115 4506 ad
2166 4455 2283 4505 vos
2334 4431 2595 4521 dicam,
2655 4437 2741 4508 A.
2774 4434 2917 4522 H„
2967 4434 3108 4509 fata
3154 4432 3570 4508 Academiae

531 4559 846 4627 vertente
892 4571 1074 4624 anno
1121 4557 1461 4624 transacta
1515 4549 1709 4625 vobis
1756 4550 2214 4648 expositurus.

635 4673 939 4747 Aeterna
993 4667 1324 4744 memoria
1397 4667 1689 4768 dignum
1753 4695 1906 4744 esse
1972 4669 2322 4769 praedicat
2371 4670 2433 4745 is
2474 4671 2598 4768 qui
2646 4671 3062 4746 Academiae
3110 4671 3191 4749 L.
3220 4673 3304 4748 Β.
3362 4673 3573 4747 histo-

523 4789 706 4866 riam
770 4788 1173 4887 eouscripsit
1231 4787 1417 4862 diem
1467 4787 1662 4862 illum
1719 4796 1992 4862 sextum
2041 4785 2454 4862 Novembris
2496 4787 2823 4863 omnibus
2877 4789 3135 4888 quibus
3179 4790 3347 4868 haec
3388 4789 3575 4866 Urbs
