4942 6175
1435 680 1641 749 ACTA
1689 684 1790 749 nr
1835 682 2092 751 casu
2141 685 2226 749 m
2273 684 2608 750 sanun.
2930 636 2937 643 ’
3456 680 3541 749 35

502 886 639 963 Die
741 887 788 961 8
837 910 933 963 m.
985 888 1364 965 Februarii.
1465 888 1827 983 Recitatur
1876 891 2229 967 decretum
2283 890 2627 990 Regium,
2696 890 2763 966 d.
2794 891 2861 967 d.
2910 894 3005 965 29
3052 915 3146 967 m.
3196 889 3543 978 Ianuarii,

839 1033 982 1108 quo
1051 1008 1124 1083 in
1192 1033 1330 1085 ann
1338 1034 1456 1085 um
1518 1010 2016 1087 Academicum
2079 1010 2436 1087 ineuntem
2496 1010 2749 1086 Rector
2798 1010 3223 1109 Magnificus
3272 1019 3546 1086 creatur

834 1128 920 1203 cl.
973 1130 1034 1205 Ι.
1083 1129 1146 1205 Ι.
1197 1129 1400 1203 Prius
1418 1187 1438 1218 ,
1493 1129 1564 1201 in
1613 1127 1970 1203 Facultate
2020 1128 2432 1229 Theologica
2480 1128 2663 1203 Prof.
2718 1129 3125 1207 ordinarius.

935 1247 1176 1323 Refert
1253 1250 1508 1323 Rector
1569 1247 1990 1345 Magnificus
2059 1249 2131 1323 in
2198 1257 2545 1324 conventu
2609 1248 2923 1323 Rectoris
2976 1259 3047 1323 et
3095 1248 3543 1325 Assessorum

833 1392 994 1441 cum
1085 1368 1538 1444 curatoribus
1623 1368 1860 1445 habito
1879 1428 1900 1459 ‚
1983 1370 2056 1443 in
2134 1369 2528 1468 proximum
2594 1393 2857 1444 annum
2939 1369 3322 1445 actual-ium
3392 1392 3543 1443 esse

835 1495 1146 1563 creatum
1217 1488 1439 1563 virum
1505 1490 1667 1566 clar.
1737 1490 1950 1564 Evers
2000 1490 2070 1563 in
2126 1490 2484 1565 Facultate
2536 1489 2816 1565 Medica
2862 1488 3046 1564 Prof.
3092 1489 3540 1565 ordinarium.

934 1606 1346 1684 Recitantur
1403 1608 1638 1685 literae
1707 1610 2126 1685 Curatorum
2195 1609 2264 1685 d.
2310 1609 2376 1685 d.
2449 1612 2545 1683 29
2610 1635 2707 1685 m.
2762 1608 3068 1684 Ianuarii
3111 1609 3373 1708 quibus
3420 1610 3541 1684 Se-

835 1726 1035 1801 natui
1105 1729 1618 1805 communicant
1691 1730 1962 1805 decreto
2039 1730 2254 1829 Regis
2317 1730 2456 1803 diei
2520 1732 2616 1803 20
2671 1753 2765 1804 m.
2826 1728 3133 1804 Ianuarii
3182 1730 3257 1804 in
3304 1728 3543 1803 ordine

828 1844 1265 1923 Medicorum
1309 1849 1736 1925 Professores
1775 1876 1924 1925 esse
1963 1862 2260 1926 creatos:
2315 1850 2376 1925 Ι.
2405 1850 2893 1939 ordinarium,
2920 1851 3041 1925 vir.
3070 1850 3153 1925 cl.
3181 1848 3269 1925 A.
3301 1849 3543 1948 Heyn-

834 1963 1015 2041 sium
1033 2026 1054 2057 ‚
1123 1968 1316 2045 Med.
1363 1970 1828 2047 Professorem
1876 1972 1949 2046 in
2005 1971 2365 2045 Athenaeo
2413 1968 3064 2046 Amstelodamensi.
3146 1969 3249 2045 ΙΙ.
3298 1969 3545 2043 Extra-

831 2086 1228 2163 ordinarum
1280 2089 1629 2189 simulque
1676 2092 1954 2167 Musaei
2003 2089 2398 2167 Anatomici
2445 2089 2881 2165 Praefectum
2901 2150 2921 2178 ,
2988 2088 3071 2165 cl.
3115 2089 3178 2165 Ι.
3224 2089 3311 2164 A.
3365 2089 3548 2163 Boo·

834 2206 1091 2305 gaard,
1160 2209 1345 2285 Prof.
1419 2210 1884 2287 Honorarium
1945 2220 2016 2287 et
2077 2212 2356 2285 Musaei
2415 2210 3003 2285 Conservatorem.
3088 2209 3226 2283 ΙΙΙ.
3289 2208 3547 2283 Itidem

827 2326 1014 2403 Prof.
1079 2329 1719 2407 Extraordinarium
1739 2390 1761 2420 ,
1829 2331 2014 2407 doct.
2077 2332 2158 2407 Τ.
2221 2332 2485 2430 Zaayer
2504 2389 2526 2419 ‚
2592 2332 3063 2405 Prosectorem
3120 2328 3193 2403 in
3257 2329 3552 2403 Musaeo

838 2448 1250 2523 Anatomico
1313 2449 1698 2549 eodemque
1759 2451 2034 2527 decreto
2095 2458 2438 2525 statutum
2510 2459 2589 2523 ut
2656 2450 2817 2523 viris
2884 2450 2971 2525 cl.
3031 2448 3397 2548 Boogaard
3458 2472 3544 2522 en

835 2566 1130 2664 Zaayer‚
1165 2591 1327 2642 cum
1365 2568 1437 2642 in
1483 2568 1748 2645 Senatu
1779 2577 1936 2645 tum
1973 2571 2046 2644 in
2088 2569 2416 2645 facultate
2462 2568 2741 2654 Medica
2786 2567 3096 2667 suffragii
3142 2567 3307 2643 latio
3342 2576 3547 2644 esset.

939 2687 1194 2761 Rector
1261 2688 1685 2786 Magnificus
1749 2713 1911 2764 cum
1961 2688 2228 2765 Senatu
2279 2698 2354 2763 et
2398 2688 2685 2789 reliquis
2726 2687 3241 2763 Professoribus
3278 2687 3353 2762 in
3396 2690 3545 2763 Au-

835 2804 1164 2881 ditorium
1231 2808 1456 2885 maius
1519 2808 1877 2885 descendit
1947 2815 2018 2883 et
2087 2833 2172 2884 ex
2239 2809 2569 2884 cathedra
2642 2808 3021 2884 orationem
3092 2808 3337 2884 habet:
3429 2810 3545 2885 De

823 2928 916 3000 iis
981 2953 1156 3025 quae
1201 2954 1378 3002 anno
1435 2932 1920 3003 1865—1866
1934 2987 1955 3018 ‚
2023 2930 2430 3005 Academiae
2480 2930 2667 3003 laeta
2720 2956 2803 3004 ac
2851 2930 3082 3003 tristia
3130 2931 3540 3005 acciderunt.

828 3045 1102 3122 Deinde
1145 3048 1568 3126 solemnibus
1613 3049 1836 3125 verbis
1887 3048 2200 3149 deposito
2243 3050 2659 3151 magistratu
2706 3076 2745 3125 e
2792 3048 3119 3126 cathedra
3162 3048 3537 3128 descendit.
