4942 6175
1363 686 1497 757 81⁶
2383 688 2434 751 1.
2506 683 3391 753 LGORNELISSRN

1479 892 1686 971 Quae
1725 890 1902 967 ratio
1937 892 2178 991 procul
2223 900 2454 969 tamen
2496 890 2729 980 abest,
2780 903 2861 967 ut
2900 890 3165 967 nullam
3184 890 3469 967 omnino
3492 889 4027 967 matrum-m
4048 890 4403 989 receperit.

1371 1012 1688 1111 Magnus
1763 1034 2036 1109 semper
2107 1034 2348 1087 eorum
2423 1036 2759 1088 numerus
2828 1010 2999 1100 luit,
3082 1012 3207 1110 qui
3264 1010 3561 1087 nimium
3620 1008 3823 1085 illum
3896 1009 4065 1085 artis
4136 1010 4401 1085 mitione

1371 1143 1446 1205 et
1499 1130 1989 1229 grammaticae
2029 1154 2332 1205 amorem
2373 1132 2621 1207 acriter
2664 1130 3217 1232 oppugnaverint
3241 1142 3469 1265 atque
3512 1130 3723 1205 etiam
3768 1129 3977 1205 hodie
4028 1129 4399 1203 multorum

1371 1274 1571 1325 voces
1647 1249 2067 1337 audiuntur,
2117 1249 2244 1349 qui
2311 1250 2547 1349 pusilli
2604 1258 2677 1325 et
2736 1250 3069 1327 contracti
3144 1250 3361 1325 animi
3414 1274 3567 1325 esse
3640 1248 4108 1337 contendunt,
4154 1248 4401 1323 criticis

1375 1368 1529 1444 istis
1583 1368 2088 1444 subtilitatibus
2133 1380 2434 1445 mentem
2476 1368 2803 1469 fatigare,
2854 1376 3221 1469 totumque
3264 1392 3343 1444 se
3363 1368 3621 1445 abdere
3638 1367 4165 1469 quaestionibus
4180 1392 4399 1467 gran·

1375 1488 1684 1577 maticis,
1735 1512 1910 1588 quas
1963 1488 2230 1563 steriles
2273 1497 2346 1563 et
2383 1488 2615 1563 aridas
2663 1498 2927 1565 vocant.

1475 1608 1840 1685 Eiusmodi
1879 1608 2133 1681 iudicia
2153 1664 2176 1695 ,
2223 1608 2358 1681 etsi
2387 1608 2557 1681 satis
2583 1633 2899 1708 perversa
2918 1616 2991 1683 et
3010 1616 3483 1709 praepostera,
3530 1606 3855 1683 nituntur
3890 1616 4123 1683 umen
4170 1630 4403 1681 manes

1375 1728 1678 1825 quadem
1751 1736 1822 1800 et
1877 1738 2176 1825 angusta
2231 1724 2592 1825 opinione,
2647 1752 2859 1825 quum
2914 1728 3165 1829 vulgus
3218 1728 3583 1805 hominum
3638 1728 3729 1801 de
3786 1727 3938 1826 ipsa
3982 1726 4403 1826 antiquitatis

1377 1847 1590 1921 studii
1637 1854 1886 1919 natura
1937 1844 2172 1921 animo
2227 1870 2354 1921 suo
2405 1846 2743 1947 concepit.

1471 1964 1692 2039 Haud
1741 1964 2042 2065 exiguus
2085 1964 2270 2039 enim
2323 1988 2561 2040 eorum
2616 1989 2949 2041 numerus
2984 1974 3133 2053 est,
3182 1963 3413 2064 quiin
3452 1988 3537 2039 eo
3580 1964 4023 2064 antiquarum
4058 1962 4399 2037 literarum

1375 2084 1594 2161 studii
1653 2083 1924 2159 unicam
1975 2084 2342 2159 utilitatem
2387 2086 2683 2183 positam
2722 2110 2875 2161 esse
2920 2083 3356 2173 existimant,
3406 2084 3597 2184 quod
3640 2096 3951 2159 veterum
4000 2083 4407 2181 scriptorum

1373 2204 1580 2279 lectio
1653 2215 1960 2277 mentem
2021 2213 2264 2291 acuat,
2333 2203 2735 2304 ingeniique
2792 2204 2967 2281 vire·
3030 2214 3343 2279 exerceat
3412 2203 3505 2277 ob
3578 2204 3901 2302 ingentes
3976 2202 4407 2277 difficultates

1371 2324 1858 2423 grammaticas
1921 2334 1994 2397 et
2061 2324 2370 2413 criticas,
2419 2350 2601 2424 quae
2662 2324 3063 2423 ubieunque
3129 2324 3501 2399 lectoribus
3572 2348 3723 2399 sese
3788 2323 4109 2397 offerunt.
4210 2324 4405 2401 Quae

1373 2442 1608 2542 opinio
1669 2442 2006 2543 imprimis
2067 2444 2470 2544 pervulgata
2529 2445 2701 2520 mihi
2766 2443 3039 2518 videtur
3100 2444 3193 2519 ab
3262 2443 3665 2519 bominibus
3708 2443 3963 2541 ineptis
4004 2442 4407 2541 plerumque

1375 2572 1448 2637 et
1489 2561 1795 2663 putidis,
1846 2563 2006 2662 qui,
2058 2589 2278 2663 quum
2319 2564 2639 2664 imparati
2692 2563 3307 2663 imprudentesque
3352 2586 3783 2639 summorum
3836 2562 4133 2637 virorum
4180 2560 4411 2635 stud‘n

1373 2684 1546 2758 satis
1600 2706 1912 2780 perverse
1961 2683 2220 2759 imitari
2267 2685 2571 2775 soleant,
2620 2684 2837 2760 critici
2886 2696 2959 2759 et
2998 2683 3433 2783 grammatici
3472 2683 3609 2757 sibi
3642 2682 4002 2768 videntur,
4050 2680 4177 2755 sed
4212 2680 4403 2777 inge-

1371 2803 1470 2875 nii
1519 2802 1588 2877 vi
1643 2802 1962 2877 destituti
2015 2813 2216 2891 sunt,
2284 2829 2426 2902 qua
2487 2804 2591 2879 illi
2644 2804 2826 2879 inter
2878 2826 3121 2877 omnes
3176 2803 3541 2879 excellunt.
3642 2802 3791 2882 Qui
3828 2802 4239 2891 κακόζηλοι
4286 2820 4409 2874 cur

1373 2944 1632 3019 quaeso
1683 2946 1822 2997 nou
1861 2923 2306 3021 antiquorum
2357 2924 2693 2999 Indorum
2736 2924 2967 3021 potius
3016 2922 3417 2999 Arabumve
3436 2982 3457 3013 ,
3521 2923 3627 2998 vel
3662 2920 3895 2997 nescio
3938 2922 4140 2995 euius
4182 2918 4406 3018 gentis

1375 3041 1686 3141 linguam
1752 3042 2126 3143 literaeque
2195 3044 2581 3122 scholarum
2660 3056 3049 3120 nostrarum
3114 3044 3473 3143 discipulis
3534 3042 3923 3120 tractandas
3966 3038 4406 3141 proponunt?

1375 3164 1491 3238 Ad
1541 3187 1656 3251 ea,
1707 3187 1886 3259 quae
1931 3165 2466 3262 concupiscunt,
2513 3165 2801 3240 feliciter
2848 3164 3073 3240 hercle
3130 3165 3481 3264 pervenire
3526 3162 3820 3262 possint.

1477 3281 1636 3354 Nisi
1688 3294 1920 3358 autem
1967 3285 2244 3382 egregie
2299 3285 2529 3371 fallor,
2578 3284 2920 3358 eiusmodi
2966 3282 3309 3382 solivagae
3358 3293 3431 3358 et
3464 3283 3765 3358 insulsae
3802 3279 4403 3378 contemplationes

1379 3425 1636 3500 magna
1681 3426 1764 3476 ex
1811 3413 2006 3500 parte
2046 3405 2301 3478 nimiae
2351 3403 2765 3503 pertinaciae
2802 3403 3210 3478 tribuendae
3250 3413 3455 3491 sunt,
3503 3427 3647 3501 qua
3692 3401 3767 3474 in
3810 3399 4053 3474 formis
4088 3397 4409 3472 orationis

1381 3521 1646 3596 haer-eri
1711 3521 1906 3598 solet.
2009 3526 2092 3598 In
2164 3525 2422 3622 quibus
2492 3523 2961 3611 illustrandis,
3028 3547 3251 3620 quum
3308 3521 3537 3598 omnis
3594 3545 3761 3596 eura
3798 3529 3874 3595 et
3910 3543 4119 3618 opera
4156 3541 4407 3616 ponan-

1379 3653 1533 3730 tur,
1603 3643 1676 3716 id
1745 3643 1936 3740 quod
1997 3643 2350 3720 literarum
2425 3644 2737 3718 studium
2808 3653 2971 3718 ante
3042 3644 3275 3718 omnia
3338 3640 3537 3740 sequi
3598 3649 3869 3738 oportet
3928 3663 3971 3714 e
4040 3647 4409 3736 conspectu

1377 3762 1742 3839 amittitur.
1865 3763 2076 3841 Quod
2153 3763 2430 3864 singula
2488 3784 2613 3858 per
2678 3763 3211 3860 microscopum,
3286 3773 3367 3836 ut
3422 3761 3523 3836 ita.
3574 3760 3841 3848 dicum,
3914 3758 4127 3857 aspici
4205 3758 4408 3845 solet,

1379 3881 1870 3978 contemplatio
1923 3883 2222 3957 universi
2267 3883 2675 3979 plerumque
2718 3882 3114 3981 negligitur.

1481 3998 1822 4096 Equidem
1891 3999 1989 4074 sie
2047 4000 2409 4086 existimo,
2459 3999 2826 4087 omnibus,
2874 3999 2993 4096 qui
3044 3999 3135 4074 ad
3180 3997 3533 4074 literarum
3576 3999 3993 4072 Graecarum
4042 4005 4117 4072 et
4164 3997 4413 4070 Roma·

1379 4141 1626 4192 narum
1693 4117 2000 4193 studium
2059 4143 2132 4192 se
2193 4118 2587 4204 conserant,
2650 4117 2779 4192 hoe
2848 4117 3273 4217 propositum
3332 4141 3481 4192 esse
3534 4115 3826 4203 debere,
3878 4128 3959 4190 ut
3998 4119 4413 4193 Graecorum

1381 4247 1456 4311 et
1505 4237 1976 4310 Romanorum
2021 4247 2338 4311 naturam
2385 4246 2457 4310 et
2502 4237 2840 4323 indolem,
2886 4249 3185 4312 mentem
3224 4246 3297 4311 et
3334 4239 3643 4312 animum
3688 4236 3965 4334 penitus
3996 4243 4413 4334 cognoscant

1383 4367 1456 4430 et
1500 4357 1698 4455 quasi
1751 4367 2016 4454 partem
2063 4361 2168 4430 sui
2214 4355 2491 4431 faciant.
2564 4357 2669 4428 Eo
2718 4357 3003 4430 consilio
3042 4356 3297 4454 scripta
3340 4355 3625 4452 antiqua
3667 4356 4079 4453 perscrutari
4123 4354 4417 4442 debent,

1385 4487 1468 4550 nt
1511 4476 1935 4575 intelligant,
1984 4501 2162 4576 quae
2193 4477 2584 4575 antiquitus
2632 4475 2907 4550 dicendi
2940 4475 3429 4574 cogitandique
3468 4475 3643 4551 ratio
3686 4500 3769 4550 ae
3820 4475 4134 4548 voluntas
4168 4473 4417 4560 fuerit,

1381 4606 1464 4672 ut
1527 4597 1884 4694 ingenium
1952 4596 2368 4694 percipiant,
2439 4597 2633 4690 quod
2688 4596 2761 4669 in
2826 4596 3097 4694 scriptis
3160 4596 3297 4670 illis
3374 4597 3609 4694 spirat.
3710 4593 4173 4692 Antiquitatis
4228 4593 4418 4668 enim

1379 4717 1738 4814 ingenium
1763 4774 1784 4804 ,
1857 4715 2046 4814 quod
2109 4717 2316 4804 olim,
2388 4727 2759 4814 postquam
2830 4739 2917 4792 ex
2976 4716 3243 4792 mediae
3280 4717 3527 4791 aetatis
3564 4715 3885 4792 sordibus
3924 4723 4005 4788 et
4048 4713 4413 4787 ruderibus

1381 4835 1754 4910 excitatum
1814 4845 1956 4924 est,
2019 4835 2336 4934 Europae
2389 4836 2681 4935 populos
2737 4836 2829 4910 ad
2874 4838 3141 4911 cultum
3192 4836 3577 4913 humanum
3618 4835 4031 4933 civilemque
4070 4831 4409 4920 traduxit,
