4942 6175
1362 651 1493 724 156
2489 657 2557 727 F.
2617 659 2688 728 Z.
2749 657 3308 725 Bnussnlns

1364 863 1625 953 tuisse;
1692 873 1847 940 tum
1910 887 2069 940 vero
2138 864 2374 942 minus
2446 866 2660 942 etiam
2736 865 3208 945 contenderim
3263 887 3395 938 nos
3436 865 3642 940 hodie
3687 864 3924 942 omnia
3973 865 4362 968 intelligere
4379 925 4406 958 ,

1367 1007 1548 1082 quae
1608 982 1683 1058 in
1754 983 1884 1060 hoc
1955 985 2209 1085 ’scripto
2284 985 2486 1060 nobis
2553 985 2862 1062 tradidit.
2977 985 3127 1086 Ipsi
3182 983 3502 1059 homines
3544 984 3752 1084 longo
3801 985 4133 1085 temporis
4174 995 4405 1067 tractu

1368 1110 1731 1178 mutantur
1792 1111 1863 1178 et
1927 1104 2195 1182 telluris
2270 1105 2502 1180 vultus
2552 1113 2902 1182 mutatur:
2975 1104 3316 1181 habemus
3369 1111 3607 1180 autem
3649 1104 3724 1179 in
3771 1104 3902 1180 hoc
3944 1113 4247 1182 tractatu
4285 1107 4410 1182 ob-

1370 1221 1780 1298 servationes
1848 1229 1921 1298 et
1991 1224 2289 1300 subinde
2337 1224 2427 1300 de
2472 1224 2856 1301 observatis
2899 1223 3452 1300 ratiocinationes
3469 1282 3491 1313 ‚
3559 1223 3668 1299 vel
3713 1224 3958 1302 saltem
4011 1227 4410 1320 mmm

1370 1339 1923 1419 observationum
1953 1401 1975 1432 ‚
2042 1369 2221 1442 quae
2296 1344 2547 1443 viginti
2607 1346 2898 1420 saeculis
2965 1353 3038 1420 et
3083 1345 3264 1420 ultra
3321 1351 3485 1418 ante
3525 1351 3840 1444 tempora
3886 1355 4122 1422 nostra
4160 1348 4412 1446 scripto

1369 1459 1736 1535 mandatae
1796 1471 1964 1537 sunt
2038 1473 2111 1537 et
2178 1464 2253 1537 in
2315 1463 2575 1562 quibus
2637 1489 2862 1540 sermo
2919 1475 3026 1540 est
3071 1464 3160 1540 de
3209 1471 3428 1539 terrae
3472 1463 3874 1562 regionibus
3927 1470 4001 1539 et
4044 1464 4410 1564 gentibus,

1371 1603 1549 1678 quas
1618 1581 1946 1679 perpauci
2014 1607 2176 1658 sane
2258 1607 2496 1658 eorum
2521 1641 2542 1672 ‚
2611 1585 2734 1682 qui
2805 1584 3009 1659 hodie
3085 1582 3585 1683 Hippocratem
3651 1583 3898 1682 legunt
3921 1639 3942 1670 ,
4023 1582 4412 1662 visitarunt.

1370 1699 1623 1797 Itaque
1688 1700 1777 1774 de
1840 1701 2131 1776 minutis
2196 1701 2623 1802 quibusdam
2689 1712 2760 1778 et
2825 1703 3058 1778 minus
3119 1703 3456 1777 momenti
3522 1701 3944 1780 habentibus
3965 1762 3988 1792 ‚
4033 1705 4109 1780 in
4153 1705 4414 1804 quibus

1376 1816 1667 1892 fortasse
1732 1821 1821 1894 ab
1881 1847 1965 1897 eo
2026 1821 2431 1910 discentiae,
2497 1867 2600 1884 -
2646 1845 3073 1922 quamquam
3151 1823 3258 1897 vel
3324 1821 3454 1896 hac
3515 1821 3591 1897 in
3651 1847 3728 1898 re
3786 1822 4200 1923 prudentem
4259 1849 4416 1900 esse

1374 1945 1645 2035 oportet
1662 1995 1683 2026 ,
1733 1979 1832 1994 -
1880 1941 1955 2016 in
2005 1941 2216 2016 huius
2266 1940 2494 2040 operis
2538 1942 2664 2015 viri
2708 1941 2946 2042 magni
2996 1941 3474 2018 aestimatione
3523 1965 3748 2016 sermo
3799 1966 3952 2018 esse
3987 1968 4128 2019 non
4163 1951 4414 2044 potest.

1380 2057 1521 2130 Sed
1562 2058 1691 2132 hoc
1733 2059 2167 2158 quaerimus,
2217 2084 2398 2158 quae
2442 2062 2845 2138 summatim
2883 2086 3082 2136 mene
3123 2061 3424 2136 auctoris
3459 2061 3706 2149 fuerit,
3756 2063 3928 2160 quid
3967 2063 4417 2162 spectaverit,

1381 2199 1603 2274 quum
1652 2177 1839 2252 hunc
1882 2177 2141 2252 librum
2190 2179 2672 2278 componebat.
2755 2181 2882 2256 Vir
2917 2181 3212 2256 eximius
3251 2205 3576 2280 magnam
3612 2190 3882 2280 partem
3917 2182 4110 2258 orbis
4148 2182 4420 2281 antiqui

1385 2295 1949 2393 perlustraverat;
1976 2322 2453 2396 quascumque
2475 2300 2789 2398 regiones
2811 2301 3138 2390 adiisset,
3164 2325 3401 2376 earum
3427 2307 3748 2376 naturam
3773 2301 3900 2377 soli
3917 2361 3940 2392 ,
3959 2326 4412 2401 -aquarum

1380 2414 1849 2512 stagnantium
1866 2474 1887 2505 ‚
1916 2415 2287 2492 fluminum
2326 2418 2665 2494 rationem
2686 2479 2707 2510 ‚
2749 2465 2848 2480 -
2885 2422 3223 2521 paludum
3242 2481 3264 2511 ‚
3303 2419 3746 2521 planitierum
3769 2477 3792 2508 ,
3819 2422 4166 2497 montium
4201 2421 4412 2496 situm

1375 2532 1888 2626 observaverat,
1940 2578 2037 2594 -
2086 2539 2439 2635 quomodo
2481 2540 2793 2616 civitates
2847 2541 2976 2616 soli
3029 2551 3100 2616 et
3141 2541 3360 2615 ventis
3405 2539 3758 2639 expositae
3805 2541 3912 2616 vel
3959 2541 4053 2617 ab
4091 2541 4177 2616 iis
4215 2547 4410 2616 tutae

1380 2663 1611 2728 essent
1679 2663 2034 2729 notaverat
2052 2713 2074 2743 ‚
2138 2697 2237 2714 --
2300 2657 2682 2733 incolarum
2747 2685 2908 2736 cum
2971 2661 3326 2759 physicam
3347 2719 3368 2750 ,
3435 2668 3586 2735 tum
3651 2660 4046 2758 psychicum
4105 2659 4411 2736 indolem

1382 2772 1957 2846 animadverterat
1975 2830 1995 2861 ,
2045 2817 2149 2834 --
2194 2799 2431 2850 eorum
2481 2785 2637 2852 tum
2691 2778 3004 2854 sanitatis
3059 2789 3214 2854 tum
3253 2779 3654 2854 morborum
3693 2779 4032 2855 rationem
4075 2788 4410 2857 tenuerat.

1376 2893 1627 2990 ltaque
1671 2917 1926 2967 nexum
1971 2917 2119 2967 esse
2159 2908 2600 2994 perspexerat
2641 2897 2822 2974 inter
2857 2899 3160 2975 hominis
3203 2899 3355 2974 sani
3397 2899 3703 2976 indolem
3723 2957 3743 2990 ‚
3794 2900 4159 2976 facultates
4199 2899 4413 2976 animi

1384 3022 1455 3087 et
1504 3013 1802 3113 corporis
1816 3070 1837 3102 ,
1890 3012 2067 3089 vitae
2116 3014 2582 3094 conditionem
2625 3043 2905 3094 omnem
2953 3027 3024 3096 et
3067 3019 3382 3121 regiones
3397 3079 3418 3111 ,
3467 3020 3542 3096 in
3570 3019 3832 3121 quibus
3858 3019 4146 3120 degeret
4185 3021 4410 3098 homo.

1379 3132 1579 3206 Vidit
1616 3156 1877 3208 nexum
1920 3141 2184 3209 certum
2220 3161 2369 3210 esse
2405 3137 2590 3213 inter
2628 3148 2988 3217 ventorum
3005 3198 3026 3227 ,
3075 3164 3414 3239 aquarum
3431 3196 3452 3229 ‚
3501 3140 3679 3215 situs
3713 3139 4078 3239 regionum
4123 3140 4410 3215 modum

1383 3260 1456 3327 et
1522 3252 1801 3327 morbos
1820 3310 1840 3341 ,
1908 3252 2166 3351 quibus
2229 3254 2544 3331 homines
2590 3257 3000 3333 laborarent.
3103 3262 3272 3339 Quo
3313 3259 3494 3335 facto
3539 3284 3880 3335 summam
3930 3258 4140 3335 huius
4177 3259 4414 3358 copiae

1382 3372 1879 3447 observationis
1940 3380 2011 3448 et
2074 3374 2161 3449 de
2208 3399 2289 3451 ea
2344 3376 2812 3451 meditationis
2858 3378 2988 3451 hoc
3033 3379 3286 3480 scripto
3325 3378 3734 3478 aequalibus
3773 3378 4077 3457 tradidit.
4175 3382 4414 3477 Atque

1225 3475 1251 3520 Ὗ
1378 3492 1479 3567 ita
1524 3492 1810 3591 quidem
1858 3490 2120 3569 factum
2176 3502 2285 3569 est
2332 3503 2415 3570 ut
2464 3502 2618 3570 tum
2665 3495 3065 3571 morborum
3125 3496 3700 3598 descriptionibus
3718 3554 3738 3586 ‚
3789 3497 3878 3571 de
3917 3496 4176 3596 quibus
4204 3497 4412 3595 paulo

1382 3620 1544 3687 ante
1606 3610 1789 3701 dixi,
1858 3620 2011 3687 tum
2078 3613 2241 3704 hoc,
2291 3615 2381 3689 de
2445 3640 2586 3713 quo
2653 3624 3001 3713 postremo
3041 3617 3368 3723 ‘vidimus
3388 3674 3411 3705 ,
3463 3640 3668 3717 opere
3711 3617 4034 3691 conderet
4074 3615 4412 3715 epidemio

1381 3733 1639 3832 logiam
1704 3739 1776 3806 et
1830 3734 2325 3833 geographiam
2391 3746 2461 3809 et
2527 3735 3096 3835 ethnographiam
3166 3736 3506 3813 medicam
3521 3794 3542 3825 ,
3595 3760 3891 3835 quarum
3935 3736 4248 3812 studium
4294 3760 4417 3835 per

1382 3851 1867 3948 longissimum
1926 3860 2207 3953 tempus
2274 3854 2747 3931 intermissum
2813 3854 3188 3932 recentiore
3247 3865 3557 3957 tempore
3595 3857 4058 3933 instauratum
4103 3866 4230 3935 est.
4329 3858 4420 3932 Id

1388 3969 1523 4043 nisi
1598 3970 1690 4042 sit
1750 3970 2012 4067 aliquid
2032 4030 2052 4059 ,
2104 3973 2180 4046 id
2221 3974 2356 4047 nisi
2400 3998 2739 4073 magnum
2787 3975 2960 4074 quid
3005 3979 3156 4051 esse
3199 3976 3601 4051 aestimetur
3620 4033 3641 4064 ,
3691 4000 3824 4075 ego
3863 3976 4033 4074 quid
4084 4000 4371 4075 parvum
4392 4033 4415 4064 ,

1388 4087 1560 4186 quid
1601 4111 1938 4186 magnum
2006 4090 2133 4177 sit,
2183 4116 2295 4165 me
2336 4094 2597 4168 nescire
2652 4096 2992 4192 profiteor.
3095 4094 3236 4171 Sed
3283 4119 3403 4169 vos
3421 4152 3442 4183 ,
3492 4098 3580 4170 A.
3630 4095 3722 4171 A.
3740 4152 3760 4184 ‚
3810 4096 4297 4194 praestantiam
4344 4097 4420 4170 in

1388 4208 1499 4282 his
1546 4207 1773 4281 inesse
1818 4232 1959 4282 non
2006 4208 2353 4307 negabitis
2372 4244 2410 4300 3,
2442 4210 2556 4285 eb.
2583 4237 2740 4285 vero
2791 4213 3026 4287 minus
3070 4214 3236 4287 estis
3285 4215 3605 4314 negaturi
3622 4273 3644 4303 ,
3693 4238 3915 4314 quum
3957 4215 4420 4315 cogitaveritis

1388 4352 1601 4427 quam
1648 4351 1897 4427 parum
1946 4328 2329 4404 instructus
2392 4330 2494 4405 vir
2540 4333 2848 4405 Graecus
2899 4330 3106 4405 fuerit
3124 4389 3144 4422 ‚
3196 4358 3416 4432 quum
3459 4335 3728 4432 primus
3777 4335 3866 4409 ad
3903 4336 4149 4411 talium
4189 4359 4422 4410 rerum

1388 4448 1935 4524 observationem
2002 4457 2073 4524 et
2131 4450 2784 4550 contemplationem
2855 4452 3227 4527 accederet.
3344 4453 3757 4553 Comparavi
3819 4454 4196 4554 aliquando
4235 4454 4418 4554 Hip-

1388 4577 1733 4667 pocratem
1791 4592 1954 4644 cum
2018 4568 2527 4659 Humboldtio;
2597 4570 2794 4645 cuins
2859 4572 3386 4671 comparationis
3457 4598 3567 4649 me
3631 4572 3946 4649 nondum
3989 4598 4118 4649 nec
4159 4574 4378 4672 pudet
4395 4630 4416 4661 ,

1390 4712 1517 4763 nec
1590 4688 1914 4787 poenitet.
2027 4687 2267 4765 Huius
2340 4692 2706 4765 Amic-been
2777 4694 2898 4767 der
2957 4694 3194 4767 Nalm·
3249 4693 3424 4767 mihi
3493 4694 3568 4767 in
3637 4702 3942 4767 mentem
4005 4692 4418 4768 revocabant

1389 4832 1567 4907 opus
1625 4807 1876 4883 medici
1934 4810 2179 4885 Graeci
2196 4868 2217 4899 ‚
2284 4812 2374 4885 de
2418 4836 2560 4909 quo
2617 4810 2784 4887 dixi.
2885 4812 3198 4912 Uterque
3243 4836 3408 4889 sane
3464 4812 3764 4889 multum
3819 4802 4108 4889 diversis
4149 4820 4418 4909 tempo-
