4942 6175
1411 663 1542 731 me
2579 660 2631 729 1.
2724 656 3319 727 A.1·'RU1N

1407 869 1560 959 ius,
1609 868 1786 969 qaid
1833 878 2019 943 esset
2053 867 2308 967 scripte
2369 866 2505 942 lex.
2607 864 2707 937 Ut
2766 862 3163 939 habuerunt
3222 860 3451 938 edida
3504 861 3955 953 Praetor-um,
4022 880 4297 963 semper
4354 863 4467 941 ius

1411 989 1680 1065 mentia
1753 996 1826 1065 et
1897 988 2269 1087 quotannis
2357 995 2593 1063 tamen
2662 984 2756 1059 sd
2832 983 3207 1059 utilitatem
3284 982 3770 1074 accomodata,
3836 985 3971 1075 ita,
4044 983 4109 1059 si
4176 982 4467 1059 Codices

1411 1109 1820 1185 habuissent
1835 1160 1858 1198 ,
1927 1130 2044 1183 ees
2111 1132 2240 1183 suo
2307 1118 2620 1206 tempore
2688 1104 3174 1181 emendatione
3234 1103 3551 1205 indigere
3606 1104 4127 1183 intellexissent.
4226 1106 4463 1185 Qmm

1409 1227 1961 1305 emendationem
2027 1227 2382 1329 quomodo
2453 1225 2845 1301 effecissent
2864 1276 2887 1315 ,
2960 1246 3149 1301 nunc
3210 1224 3415 1301 nobis
3484 1244 3625 1300 non
3695 1225 4127 1325 propofflsun
4190 1234 4303 1300 eet
4360 1224 4465 1299 in·-

1409 1348 1766 1448 vestigare.
1867 1346 2130 1423 Verum
2199 1354 2470 1422 nostrat
2478 1368 2594 1420 um
2670 1345 2905 1445 legum
2956 1343 3507 1421 emendationem
3564 1344 3823 1444 requiri
3870 1362 4096 1445 quum
4146 1343 4319 1421 setis
4366 1345 4465 1419 di-

1404 1469 1918 1568 sputaverimus
1937 1524 1960 1557 ‚
2029 1468 2170 1543 ism
2243 1465 2596 1566 quomodo
2662 1485 2747 1540 ee
2819 1464 2977 1541 fieri
3038 1464 3325 1555 debeat,
3394 1462 3873 1565 quaerendum
3917 1472 4043 1543 eet.
4142 1466 4245 1541 At
4294 1464 4464 1565 quid

1407 1589 1564 1663 dico
1608 1587 2084 1686 quaerendum
2126 1610 2280 1662 esse
2317 1584 2395 1659 id
2449 1582 2642 1685 quod
2694 1584 3031 1684 apparet?
3126 1584 3244 1661 Ab
3300 1584 3795 1684 interpretibus
3838 1584 4095 1661 frustra
4130 1584 4465 1659 auxilium

1407 1707 1870 1783 etmedelam
1921 1706 2068 1807 peti
2110 1706 2591 1805 intelligimus.
2693 1705 2906 1805 Agite
2946 1726 3129 1805 ergo.
3230 1702 3456 1804 Leges
3492 1704 3689 1780 dedit
3726 1704 4117 1805 legislators
4166 1702 4463 1795 efflarunt

1407 1850 1530 1902 eae
1577 1827 1766 1928 leges
1809 1826 2284 1916 incommoda,
2333 1825 2601 1903 auferat
2656 1846 2739 1901 ea
2788 1823 3228 1901 incommoda
3268 1824 3455 1899 idem
3500 1824 3887 1924 legislator,
3938 1822 4267 1900 emendet
4310 1825 4455 1923 ipse

1407 1970 1588 2046 quae
1651 1946 1924 2045 scripsit
1981 1946 2164 2023 vitis.
2267 1947 2384 2022 Sic
2445 1946 2778 2022 omnibus
2842 1958 3115 2046 semper
3178 1945 3405 2020 visum
3470 1952 3619 2035 est,
3692 1946 3816 2043 qui
3878 1945 4113 2044 legum
4178 1944 4461 2020 Codices

1404 2066 1866 2141 conficiendos
1928 2091 2079 2141 esse
2144 2074 2529 2166 putarunt
2586 2067 2687 2141 sic
2734 2066 2945 2141 etiam
2996 2090 3183 2142 nunc
3238 2066 3511 2140 videtur
3555 2064 3831 2141 exteris.
3930 2063 4101 2139 Post
4156 2064 4461 2139 conditos

1405 2186 1698 2263 Codices
1768 2186 2306 2287 Napoleonticos
2369 2208 2512 2261 non
2576 2186 2713 2261 fuit
2772 2194 2958 2261 certa
3022 2194 3096 2261 et
3156 2194 3485 2261 constans
3540 2184 3614 2261 in
3672 2184 3965 2259 Francia
4024 2207 4259 2259 rerum
4311 2208 4461 2286 prc-

1373 2306 1667 2407 gressio
1687 2364 1706 2394 ,
1765 2306 1899 2381 fuit
1961 2314 2194 2382 temen
2257 2308 2351 2383 ed
2401 2307 2589 2381 hunc
2636 2322 2861 2405 usque
2906 2305 3094 2380 diem
3140 2311 3471 2380 constans
3520 2304 3760 2405 legum
3810 2303 4227 2380 emendatio.
4322 2304 4457 2377 Ne-

1404 2450 1544 2527 que
1589 2428 1788 2502 aliter
1831 2426 1936 2501 vel
1979 2425 2376 2502 faciendum
2423 2434 2767 2527 putarunt
2816 2426 2924 2501 vel
2968 2426 3283 2501 fecerunt
3330 2425 3686 2501 Germani.
3784 2426 4065 2500 Habent
4104 2424 4207 2499 ini
4244 2424 4459 2523 legem

1401 2546 1830 2622 Cambislem
1849 2604 1870 2635 ,
1921 2547 2146 2622 multo
2199 2545 2581 2623 Codicibus
2626 2547 2885 2622 nostris
2935 2545 3425 2634 recentiorem3
3497 2545 3639 2621 ism
3686 2565 3843 2620 vero
3900 2566 3987 2621 ee
4040 2545 4131 2620 ed
4178 2562 4461 2620 examen

1399 2674 1715 2743 revocata
1763 2675 1838 2741 et
1873 2666 2184 2742 Novellis
2208 2723 2229 2755 ‚
2279 2690 2464 2764 quse
2518 2662 2849 2743 dicuntur
2866 2720 2888 2756 ,
2938 2664 3642 2766 Norimbergensibus
3682 2672 3889 2741 nnete
3932 2673 4004 2741 et
4050 2664 4464 2764 amplificat·

1402 2797 1532 2863 est.
1631 2786 1874 2861 Nostri
1929 2801 2090 2861 vero
2155 2785 2472 2861 bomine·
2541 2787 2810 2887 legiferi
2861 2786 3065 2861 bouis
3108 2786 3403 2863 aliorum
3448 2785 3785 2886 exemplis
3834 2802 3975 2861 non
4030 2804 4461 2861 commoven-

1404 2914 1541 2981 tur.
1643 2906 1938 2981 Meliora
1995 2907 2128 2981 etsi
2185 2906 2468 2983 videant
2520 2906 2863 2982 deteriora
2912 2907 3111 3006 sequi
3135 2915 3477 3007 pergunt.
3580 2906 3865 2981 Utimur
3908 2924 4035 2980 nes
4080 2900 4460 2979 codicibus

1399 3034 1566 3102 ante
1613 3026 1740 3102 hos
1781 3025 2339 3128 vigintiquinque
2385 3027 2689 3127 emplius
2736 3048 2955 3104 annos
3006 3026 3334 3104 confectis
3357 3085 3378 3118 ‚
3428 3034 3501 3104 et
3540 3027 3653 3103 ita·
3684 3022 3973 3128 quidem
4028 3024 4336 3116 utimur,
4390 3031 4466 3100 nt

1403 3145 1579 3220 nihil
1639 3146 1783 3221 fere
1855 3169 1980 3246 per
2042 3146 2121 3221 id
2191 3169 2398 3223 omne
2463 3155 2742 3248 tempus
2802 3148 2877 3224 in
2940 3147 3026 3223 iis
3086 3148 3539 3224 immutatum
3584 3147 3700 3225 sit.
3802 3148 3955 3222 Nee
4010 3155 4247 3224 umen
4296 3139 4465 3245 quid

1400 3265 1556 3365 ipsa
1619 3265 1962 3344 Codicum
2023 3267 2199 3343 ratio
2259 3267 2436 3344 ferat
2498 3268 2573 3342 in
2642 3268 2907 3343 incerto
2972 3276 3101 3344 est.
3206 3269 3475 3344 Omnes
3539 3267 3683 3344 fere
3702 3321 3723 3358 ,
3788 3265 3911 3367 qui
3956 3265 4227 3366 aliquid
4264 3266 4339 3340 in
4380 3265 4465 3340 iis

1401 3385 1616 3462 rebus
1689 3409 1928 3488 sapere
2001 3385 2491 3464 existimentur
2505 3444 2527 3480 ,
2596 3389 3153 3466 emendationem
3232 3389 3323 3466 ab
3392 3389 3546 3489 ipso
3624 3381 4013 3488 legislatore
4090 3386 4463 3486 postulant.

1403 3505 1608 3586 Ques
1667 3507 1886 3609 igitur
1943 3508 2242 3585 cessatio
2309 3511 2472 3584 eet?
2568 3509 2835 3585 Eadem
2858 3567 2879 3599 ,
2950 3510 3327 3586 Auditor-es
3348 3567 3369 3599 ,
3436 3516 3547 3585 est
3600 3507 3920 3584 cenandi
3972 3528 4225 3596 cause,
4286 3525 4463 3604 quae

1403 3627 1710 3702 retardat
1773 3629 1967 3728 apud
2031 3651 2162 3704 nos
2231 3631 2304 3704 in
2374 3629 2585 3705 rebus
2644 3630 2975 3705 omnibus
3028 3628 3585 3706 emendationem
3608 3683 3630 3718 ,
3698 3649 3883 3728 quae
3928 3625 4145 3702 efficit
4189 3645 4467 3725 quoque

1407 3755 1490 3821 ut
1533 3747 1952 3825 Academiae
1995 3757 2272 3824 nostrae
2321 3757 2729 3848 premantur
2779 3751 3003 3850 magis
3050 3771 3263 3850 quem
3308 3755 3639 3848 regantur
3688 3743 4035 3824 institutis
4072 3755 4149 3822 et
4196 3745 4465 3845 legibus

1407 3865 1550 3940 iem
1604 3866 1768 3941 huic
1809 3869 2108 3970 tempori
2151 3891 2294 3944 non
2345 3869 2830 3946 accomodatis.
2923 3869 3209 3970 Quippe
3256 3871 3475 3944 nostri
3523 3869 3837 3948 homines
3880 3878 4006 3946 aut
4044 3875 4303 3944 elmete
4348 3877 4469 3943 aut

1409 3983 1585 4058 nihil
1627 3986 2139 4062 emendandum
2185 4010 2336 4062 esse
2381 3989 2823 4078 existimant3
2888 3995 3111 4064 certas
3158 3989 3499 4087 quasdam
3542 4007 3774 4065 rerum
3820 3997 4051 4089 panes
4102 3987 4467 4064 emendare

1409 4103 1877 4180 cummaxime
1922 4115 2260 4180 verentur.
2363 4107 2589 4206 leges
2634 4117 2905 4184 nostras
2950 4109 3265 4184 nondum
3308 4110 3477 4186 setis
3514 4109 3641 4185 diu
3674 4110 3751 4184 iu
3795 4127 3930 4184 usu
3974 4107 4193 4184 fuisse
4226 4107 4467 4183 dieunt

1343 4285 1354 4297 ,
1411 4231 1493 4298 ut
1559 4223 1701 4299 iam
1775 4244 1963 4300 nune
2033 4225 2350 4300 universe
2397 4227 2521 4300 fiat
2566 4246 2807 4301 esrum
2850 4227 3283 4318 emendati03
3348 4236 3421 4304 et
3460 4249 3591 4304 nec
3630 4228 4251 4330 iurisprudentiem
4300 4227 4464 4303 setis

1411 4345 1758 4422 excultam
1819 4367 2011 4436 esee,
2081 4345 2383 4422 necdum
2447 4345 2539 4420 de
2600 4347 2933 4422 omnibus
2973 4347 3183 4422 rebus
3225 4371 3391 4424 enm
3434 4367 3587 4424 esse
3626 4349 4265 4424 iureconsulterum
4304 4366 4464 4424 eon·

1413 4489 1697 4541 sensum
1713 4525 1736 4556 ‚
1787 4473 1869 4542 ut
1911 4467 2072 4542 novi
2117 4467 2258 4543 iam
2303 4464 2599 4541 Codices
2647 4464 2939 4542 felicita
2986 4467 3193 4542 condi
3238 4468 3527 4568 possint.
3628 4468 3853 4549 Quasi
3896 4488 4026 4544 nos
4076 4465 4466 4544 mehercule

1417 4595 1598 4660 totos
1637 4607 1852 4662 novos
1893 4586 2187 4666 Codices
2231 4587 2650 4687 flagitemus.
2748 4586 3067 4664 Profecto
3080 4647 3103 4678 ,
3150 4588 3219 4663 ei
3260 4588 3363 4664 rei
3404 4588 3575 4665 haec
3612 4596 3805 4664 aetas
3848 4607 3988 4664 non
4028 4597 4141 4664 en
4177 4587 4461 4676 idonee,

1413 4713 1487 4778 et
1507 4761 1529 4794 ,
1595 4705 1657 4780 si
1723 4725 1936 4782 nevas
1999 4705 2186 4806 leges
2251 4706 2591 4808 perfectas
2658 4729 2811 4783 esse
2879 4708 3264 4808 oportebit,
3324 4709 3519 4785 nulls
3586 4729 3925 4808 umquem
3980 4717 4171 4784 setes
4212 4707 4463 4782 idonee

1412 4824 1564 4902 erit.
1667 4825 1886 4901 Multi
1927 4827 2094 4902 unni
2110 4883 2132 4916 ,
2183 4827 2406 4903 multe
2456 4826 2731 4904 saecula
2774 4828 3287 4928 praeteribunt,
3336 4829 3741 4930 priusquam
3784 4828 3893 4904 vel
3934 4827 4211 4928 singula
4255 4825 4461 4902 Codi-
