4942 6175
1408 587 1541 656 310
2422 595 2472 663 Ι.
2549 599 2594 664 l.
2663 597 3440 678 CORNELISSEN

1412 795 1693 874 Semina
1754 799 1921 874 olim
1986 823 2031 876 a
2094 799 2379 878 coloniis
2444 799 2550 878 ibi
2611 803 2831 899 iacta,
2897 817 3312 912 procedente
3365 828 3668 921 tempore
3725 817 4262 918 pullulaverant
4281 865 4304 896 ,
4359 807 4472 881 sed

1404 915 1581 992 altas
1636 917 1921 996 demum
1982 918 2245 998 radices
2314 932 2600 1024 egerant
2647 951 2770 1026 per
2813 931 3198 1014 Alexandri
3247 939 3494 1041 Magni
3537 939 3750 1016 duces
3793 960 4080 1038 perque
4137 951 4346 1026 108⁰ss
4387 925 4470 1000 *ἦ

1408 1035 1545 1111 illie
1606 1045 2003 1140 prognatos.
2114 1043 2538 1120 Alexandria
2559 1103 2582 1136 ,
2645 1047 3068 1150 Pergamum
3087 1115 3108 1146 ,
3175 1058 3468 1136 Rhodus
3531 1065 3600 1132 et
3657 1055 4040 1134 Antiochia
4059 1111 4084 1143 ,
4135 1043 4482 1144 imprimfifl

1406 1161 1575 1234 tanc
1640 1159 1993 1238 literarum
2060 1163 2377 1268 perfugia
2436 1175 2511 1244 et
2579 1178 3014 1272 receptacula
3073 1177 3254 1255 tacta
3299 1189 3488 1258 sunt.
3587 1179 3804 1254 Sedes
3851 1185 4108 1252 autem
4165 1165 4490 1244 omnium

1405 1276 1817 1379 dignissime
1872 1283 2337 1364 Alexandriae
2394 1287 2480 1363 iis
2527 1299 2766 1388 parata
2825 1304 2970 1385 est,
3039 1297 3161 1374 ubi
3207 1299 3584 1378 Ptolemaei
3631 1296 3894 1397 insigni
3935 1287 4392 1370 liberalitate
4431 1288 4495 1354 θ*

1402 1401 1881 1478 munificentia
1958 1405 2313 1482 literarum
2392 1410 2708 1486 studium
2785 1411 3158 1488 fovendum
3225 1426 3298 1488 et
3367 1419 3824 1492 excolendum
3891 1414 4287 1492 curarunt.
4419 1401 4501 1472 In

1404 1519 1659 1596 Museo
1724 1523 1813 1597 ab
1884 1521 1968 1592 iis
2036 1523 2353 1604 condito,
2420 1523 2704 1612 publico
2773 1533 3012 1593 sumtu
3085 1525 3204 1592 viri
3257 1526 3512 1594 literati
3555 1531 3956 1608 alebantur.
4051 1518 4512 1606 Eorundem

1400 1659 1563 1712 cura
1632 1645 1705 1708 et
1762 1633 2013 1732 opibus
2084 1631 2496 1706 bibliotheca
2553 1632 2671 1704 illa
2731 1629 3044 1704 omnium
3105 1627 3482 1702 clarissima
3539 1643 3900 1712 exstructa
3965 1658 4122 1733 est,
4211 1645 4304 1718 in
4376 1658 4519 1735 qua

1394 1748 1831 1850 antiquitatis
1894 1749 2195 1826 thesauri
2251 1745 2628 1834 coaceryati
2679 1753 2750 1820 et
2797 1765 3072 1817 summa
3123 1742 3484 1842 diligentia
3539 1754 3922 1828 conservata·
3969 1780 4102 1830 sun
4115 1769 4179 1832 t.
4297 1760 4528 1835 Quos

1398 1869 1757 1948 thesauros
1802 1870 2094 1971 sapienti
2136 1866 2504 1966 prudentia
2547 1863 2634 1938 iis
2687 1863 2846 1938 viris
2899 1864 3360 1960 explorandos
3405 1867 3943 1960 commiserunt,
3989 1873 4108 1971 qui
4157 1895 4538 1948 munere

1394 1993 1514 2068 illo
1552 1993 1863 2068 omnium
1906 1987 2293 2089 dignissimi
2338 1993 2410 2058 et
2458 1991 2655 2058 erant
2703 1993 2776 2060 ct
2827 1983 3279 2062 habebantur.

1490 2113 1661 2186 Tres
1700 2119 1860 2184 ante
1908 2129 2147 2182 omnes
2196 2105 2322 2178 viri
2368 2105 2693 2196 fuerunt,
2745 2107 2868 2206 qui
2917 2105 3374 2182 bibliothecae
3418 2107 3742 2206 deinceps
3785 2109 4118 2207 praefecti
4160 2109 4519 2184 nomina

1392 2253 1523 2304 sna
1580 2227 1963 2329 posteritati
2030 2225 2641 2303 commendarunt:
2711 2227 3144 2328 Zenodotum
3213 2227 3594 2326 Ephesium
3643 2229 3794 2303 volo
3813 2286 3833 2316 ,
3903 2229 4504 2328 Aristophanem

1392 2349 1893 2450 Byzantinum,
1960 2343 2443 2422 Aristarchum
2515 2347 3088 2424 Samothraciam.
3206 2347 3486 2422 Horum
3551 2348 3956 2423 memoriam
4023 2350 4230 2424 nulla
4319 2373 4494 2424 um-

1392 2492 1606 2568 quam
1672 2463 1923 2539 oblivio
1989 2463 2267 2540 delebit.
2370 2465 2634 2540 Omnes
2697 2467 2882 2542 enim
2933 2465 3004 2540 in
3060 2464 3473 2542 bibliotheca
3517 2467 3634 2542 illa
3685 2467 4100 2542 excutienda
4147 2467 4264 2542 ita
4319 2491 4486 2540 ver·

1387 2587 1523 2663 eati
1590 2591 1791 2673 sunt,
1878 2592 1956 2659 ut
2026 2591 2168 2660 tam
2243 2585 2694 2685 aequalibus,
2769 2611 2980 2686 quam
3045 2586 3336 2686 posteris
3413 2611 3566 2662 eam
3630 2586 3813 2662 viam
3865 2586 4476 2674 monstraverint,

1393 2729 1569 2805 quae
1640 2728 2027 2804 numquam
2092 2705 2325 2780 fallere
2389 2715 2619 2808 potest
2667 2715 2933 2781 euntes.
3037 2704 3374 2780 Omnium
3427 2705 3636 2806 primi
3685 2713 4116 2805 agnoverunt
4163 2715 4240 2782 et
4297 2729 4468 2804 pet-

1386 2831 1757 2924 spexerunt
1776 2883 1795 2913 ,
1870 2825 2393 2925 grammaticam
2464 2827 2692 2902 omnis
2765 2828 3119 2902 literarum
3195 2825 3416 2900 studii
3475 2827 4014 2902 fundamentum
4073 2833 4146 2900 et
4206 2827 4462 2898 firma-

1382 2952 1701 3022 mentum
1764 2969 1913 3020 esse
1982 2953 2314 3046 oportere.
2443 2949 2690 3026 Quum
2759 2956 2966 3024 antea
3043 2947 3454 3046 interpretes
3520 2946 3934 3023 hariolantes
4009 2945 4300 3020 omnino
4381 2949 4456 3018 et

1386 3062 1831 3141 vaticinantes
1850 3126 1870 3156 ,
1936 3066 2011 3141 in
2080 3067 2530 3167 scriptoribus
2571 3066 3044 3168 explanandis⁴
3073 3067 3164 3143 ad
3215 3065 3606 3167 allegoriam
3656 3067 4067 3167 plerumque
4108 3063 4448 3141 meur-ris·

1384 3191 1578 3273 sent,
1628 3185 1815 3260 docti
1854 3187 1955 3259 illi
2000 3186 2456 3262 Alexandrini
2497 3212 2654 3263 eam
2701 3187 3204 3287 interpretandi
3245 3188 3582 3263 rationem
3631 3186 4207 3274 introduxerunt,
4257 3205 4443 3282 quae

1382 3304 1457 3379 in
1504 3303 1787 3403 linguae
1832 3314 2149 3381 accurata
2197 3306 2443 3383 notitia
2492 3307 2718 3407 posita
2763 3315 2970 3383 esset.

1482 3426 1622 3500 Sed
1658 3424 1869 3501 latius
1902 3425 2114 3500 etiam
2151 3448 2393 3501 eorum
2434 3426 2778 3501 industria
2801 3427 3048 3525 patuit.
3095 3430 3284 3503 Ante
3307 3426 3542 3503 omnia
3569 3427 3645 3500 id
3671 3431 4001 3527 egerunt,
4043 3431 4124 3499 ut
4147 3424 4429 3522 scripto-

1383 3568 1542 3621 rum
1588 3546 1791 3621 verba
1832 3571 1875 3621 a
1916 3546 2453 3645 corruptelarum
2499 3547 2820 3621 sordibus
2864 3554 3242 3646 purgarent
3263 3604 3284 3635 ,
3333 3570 3507 3645 quas
3545 3547 3752 3646 longa
3780 3546 3898 3620 die
3923 3548 4424 3619 contraxerant.

1390 3664 1629 3739 Tantis
1648 3665 1835 3739 enim
1859 3665 2145 3740 maculis
2166 3672 2239 3739 et
2262 3666 2441 3741 vitiis
2462 3667 2750 3766 antiqua
2771 3667 3024 3765 scripta
3043 3666 3274 3741 obsita
3293 3676 3366 3741 et
3390 3666 3762 3743 obscurata
3781 3672 4010 3753 erant,
4039 3672 4118 3739 ut
4135 3664 4423 3763 pristim

1384 3782 1737 3858 sinceritas
1776 3809 2264 3885 saepenumero
2308 3785 2419 3860 vix
2457 3794 2960 3886 agnosceretur.
3063 3786 3373 3887 Lingua,
3400 3812 3582 3886 quae
3605 3786 3774 3863 olim
3801 3783 4212 3884 splendebat
4237 3784 4416 3857 iure·

1383 3903 1509 3977 nili
1550 3904 1842 3977 candore
1862 3962 1882 3992 ,
1933 3906 2127 4005 copia
2170 3916 2240 3981 et
2294 3906 2671 4007 elegantia,
2721 3907 3022 3997 insulsa,
3073 3906 3306 3983 ieiuna
3326 3964 3346 3997 ,
3396 3906 3696 3983 absurda
3741 3906 3923 3981 facta
3969 3911 4135 3981 erat.

1480 4024 1577 4097 Et
1618 4023 1840 4097 multa
1884 4023 2164 4121 quidem
2202 4026 2294 4099 ad
2330 4027 2836 4125 corruptionem
2874 4027 3064 4103 illam
3107 4028 3558 4103 contulerant.
3629 4026 3818 4105 Quin
3847 4024 4034 4100 enim
4067 4022 4414 4121 scriptores

1384 4141 1457 4217 in
1517 4140 1765 4217 scholis
1826 4141 2203 4218 multorum
2264 4168 2397 4217 usu
2450 4148 2884 4235 terebantur,
2949 4148 3023 4221 ia
3075 4147 3714 4247 ludimagistrorum
3759 4168 4010 4221 manus
4057 4145 4412 4225 venerant,

1383 4285 1426 4336 e
1480 4258 1736 4358 quibus
1808 4267 2163 4335 evaserant
2228 4259 2566 4335 deformes
2633 4263 2918 4337 omnino
2983 4271 3057 4338 et
3117 4265 3452 4341 mendosi.
3557 4265 3832 4341 Scilicet
3881 4272 3963 4337 ut
4013 4262 4414 4360 scriptorum

1382 4378 1911 4477 intelligentiam
1991 4380 2221 4477 pueris
2290 4380 2664 4457 faciliorem
2743 4382 3153 4473 redderent,
3227 4384 3574 4483 permulta
3645 4384 3882 4483 inepta
3951 4381 4414 4457 additamenta

1384 4499 1457 4577 in
1504 4508 1905 4574 contextum
1946 4498 2512 4589 introduxerant,
2563 4525 2742 4599 quae
2789 4504 3024 4579 tollere
3063 4504 3402 4585 lectorum
3443 4505 3698 4603 vulgus
3741 4500 4094 4601 negligere
4137 4497 4412 4573 solebat.

1386 4622 1588 4697 Quae
1660 4628 1892 4693 tamen
1952 4619 2382 4718 depravatio,
2456 4619 2516 4695 si
2568 4620 2748 4699 intra
2800 4621 2922 4696 hos
2967 4624 3142 4699 fines
3191 4650 3266 4699 se
3319 4622 3814 4710 continuisset,
3879 4618 4226 4695 levissima
4271 4640 4410 4716 par·

1384 4737 1589 4836 vique
1664 4738 1993 4813 momenti
2062 4737 2326 4816 fuisset.
2428 4741 2529 4818 At
2597 4740 2804 4818 latius
2869 4741 3130 4819 malum
3199 4748 3540 4843 carpserat
3599 4743 3676 4819 in
3731 4741 4090 4819 rhetorum
4149 4733 4409 4815 scholis.
