4942 6175
1749 681 2307 752 ORATIO.
3419 682 3546 749 121

511 916 668 967 rum
734 890 1034 990 partium
1093 889 1456 965 divisionis
1517 900 1866 992 postrema
1933 890 2224 991 vestigia
2288 890 2388 965 ita
2457 914 2571 964 me
2639 889 2931 965 Rectore
2986 888 3215 964 deleta
3275 912 3426 968 esse
3478 891 3549 965 et

510 1012 870 1087 evanuisse
895 1069 916 1100 ,
991 1017 1074 1085 ut
1143 1010 1352 1086 etiam
1435 1011 1678 1088 odium
1764 1011 2108 1087 musicum
2127 1067 2149 1099 ,
2218 1010 2406 1109 quod
2482 1009 2832 1085 interdum
2913 1008 3325 1109 Theologico
3390 1008 3550 1085 odio

513 1130 1022 1231 implacabilius
1107 1156 1258 1207 esse
1347 1130 1580 1205 videas
1601 1188 1622 1220 ,
1707 1132 2092 1206 extinctum
2165 1131 2294 1219 sit,
2363 1129 2762 1229 fuerintque
2834 1131 2977 1205 iam
3052 1154 3191 1205 non
3268 1130 3554 1206 auribus

513 1260 792 1329 tantum
825 1252 1111 1328 nostris
1163 1273 1400 1325 verum
1465 1250 1675 1325 etiam
1741 1249 1991 1324 animis
2057 1248 2344 1325 iucundi
2405 1247 2639 1325 Vestri
2707 1259 3080 1327 concentus
3130 1259 3205 1326 et
3248 1250 3557 1326 iucunda

511 1372 890 1447 harmonia.
1014 1370 1292 1469 Pergite
1355 1367 1532 1443 bene
1599 1368 1822 1443 facere
1840 1427 1861 1457 ‚
1931 1368 2494 1457 commilitonem
2560 1370 2949 1447 Successori
2993 1396 3146 1447 meo
3186 1370 3332 1447 Vos
3382 1372 3557 1448 tales

515 1499 860 1593 praestate
878 1549 899 1579 ,
947 1489 1204 1588 ‚quales
1251 1486 1397 1564 Vos
1443 1488 1618 1563 mihi
1660 1487 2097 1587 praestitistis
2115 1544 2135 1575 ,
2195 1495 2268 1561 et
2310 1493 2589 1561 maneat
2635 1487 3108 1565 Professorum
3152 1499 3225 1566 et
3278 1491 3557 1566 Studio-

519 1634 752 1687 sorum
819 1632 958 1683 non
1027 1607 1390 1683 concordia
1458 1614 1734 1683 tantum
1751 1667 1772 1698 ‚
1843 1607 1966 1681 sed
2033 1605 2336 1681 amicitia
2397 1629 2678 1705 quoque
2730 1631 2850 1697 ea,
2912 1632 3129 1705 quam
3164 1632 3389 1709 nuper
3435 1610 3558 1685 ad-

521 1737 893 1833 spexerunt
929 1732 1182 1805 Musae
1198 1788 1219 1819 ,
1249 1752 1470 1828 quum
1507 1726 2078 1828 Praeceptoribus
2117 1734 2190 1801 et
2222 1724 2580 1825 discipulis
2613 1731 3032 1828 requiescere
3068 1752 3209 1803 una
3226 1730 3559 1828 placeret.

613 1969 784 2044 Dixi
837 1968 1012 2043 mihi
1057 1968 1374 2045 Rectoris
1425 1993 1686 2045 munus
1733 1967 2067 2044 molestiis
2110 1968 2406 2043 liberum
2465 1968 2703 2045 fuisse.
2802 1966 3041 2043 Huius
3090 1968 3192 2044 rei
3238 1969 3351 2044 'l'u
3393 1992 3565 2067 quo·

522 2114 658 2189 que
706 2114 962 2189 magna
1010 2112 1170 2187 pars
1208 2088 1444 2178 fuisti,
1493 2088 1602 2165 cl.
1646 2088 1944 2168 Doedes.
2047 2088 2346 2164 Senatus
2381 2097 2535 2165 acta
2571 2114 2792 2187 quum
2834 2114 3147 2180 curares,
3198 2114 3313 2165 me
3358 2090 3569 2164 etiam

525 2208 820 2285 fideliter
893 2208 1240 2285 curavisti.
1361 2208 1726 2286 Auxilium
1796 2234 1839 2285 a
1904 2217 1974 2283 te
2045 2209 2310 2309 petenti
2381 2233 2765 2309 numquam
2829 2209 3113 2286 defuisti
3123 2243 3143 2300 3
3210 2210 3353 2285 imo
3415 2235 3573 2285 vero

523 2337 768 2428 sponte
831 2328 921 2404 ad
989 2352 1105 2404 me
1175 2330 1459 2419 venisti,
1531 2338 1615 2404 ut
1681 2328 1856 2404 mihi
1917 2352 2122 2427 opem
2190 2330 2424 2406 ferres.
2523 2331 2822 2406 Felicem
2882 2354 3140 2405 novum
3207 2331 3574 2406 Rectorem

531 2450 885 2549 praedico,
933 2448 1126 2547 quod
1173 2449 1460 2525 habebit
1506 2449 1892 2525 actual-ium
1941 2450 2077 2525 Tui
2125 2450 2463 2526 similem!

627 2690 957 2790 Superest
1007 2695 1087 2764 ut
1131 2687 1352 2763 fasces
1395 2687 1815 2763 Academiae
1867 2688 2137 2763 tradam
2185 2690 2616 2779 Successori,
2664 2690 2755 2765 ab
2804 2686 3330 2800 xAngustissimo
3379 2690 3576 2790 Rege

527 2808 702 2885 mihi
753 2808 917 2883 dato
936 2865 957 2897 ,
1024 2806 1332 2883 Henrico
1375 2804 1772 2881 Christiano
1821 2807 2082 2883 Millies
2098 2866 2121 2898 ,
2171 2807 2340 2885 Viro
2387 2808 2791 2885 Clarissimo
2808 2866 2829 2898 ,
2881 2832 3092 2907 quem
3137 2808 3355 2907 igitur
3393 2814 3573 2885 Aca-

532 2931 802 3006 demiae
847 2926 1552 3004 Rheno-'l'raiectinae
1604 2928 1972 3004 Rectorem
2034 2928 2494 3029 Magnificum
2550 2930 2739 3018 dico,
2791 2928 3112 3004 renuntio
3132 2987 3153 3019 ,
3207 2929 3574 3029 proclamo.

627 3047 939 3124 Accedas
957 3105 979 3138 ,
1033 3044 1154 3121 Vir
1201 3045 1637 3137 Clarissimo,
1688 3047 1780 3124 ad
1824 3046 2060 3125 sedem
2107 3048 2270 3124 Tibi
2319 3049 2755 3127 destinatam.
3038 3074 3047 3085 ·

629 3168 862 3258 Salve,
909 3167 1168 3243 Rector
1202 3168 1580 3268 Magnifice
1596 3226 1617 3259 ,
1666 3168 2058 3269 iterumque
2095 3171 2298 3248 salve.
2400 3171 2487 3246 In
2525 3171 2929 3272 gravissimo
2965 3195 3251 3248 munere
3288 3172 3578 3250 feliciter

535 3289 836 3390 gerendo
881 3287 1222 3388 propitius
1277 3289 1438 3364 Tibi
1489 3289 1581 3364 sit
1623 3291 1818 3366 Deus
1866 3290 2196 3390 Optimus
2235 3292 2613 3369 Maximus.
2715 3292 2831 3368 Sic
2880 3301 2952 3368 te
3002 3293 3295 3370 &ctore
3334 3294 3577 3370 floreat

538 3407 913 3486 Academia
959 3406 1662 3486 Rheno-Traiectinal

3160 4971 3253 5046 16
