4942 6175
1401 672 1480 733 14
2249 672 2328 737 R.
2393 669 2587 738 VAN
2648 666 3105 737 BONEVAL
3164 668 3485 735 FAURE

1391 878 1790 977 siologicum
1841 878 1962 952 sed
2013 876 2655 975 Lugdunoess'atava
2706 876 2879 949 nihil
2926 900 3009 949 eo
3050 876 3363 975 indigere
3416 874 3778 950 videbatur
3816 874 4111 949 scilicet!
4190 873 4423 954 Quam

1391 996 1644 1071 diserte
1690 995 2102 1070 contrarium
2153 993 2386 1067 docuit
2429 1018 2513 1067 ex
2568 994 2695 1067 hoc
2742 993 2892 1091 ipso
2940 994 3087 1068 loco
3132 992 3341 1067 iudex
3389 994 3719 1070 idoneus!
3815 994 3955 1069 Sed
3996 995 4137 1069 iam
4182 995 4427 1070 divisis

1386 1117 1728 1191 cathedris
1788 1114 1973 1189 unde
2031 1113 2400 1187 Anatomia
2447 1122 2519 1185 et
2566 1111 3002 1209 Physiologia
3046 1110 3443 1200 docebitur,
3516 1136 3737 1187 unum
3788 1113 4081 1211 gradum
4138 1114 4423 1212 protuli-

1389 1261 1545 1311 mus
1568 1295 1586 1324 ,
1639 1246 1708 1309 et
1759 1236 1856 1309 sic
1907 1256 2264 1333 speramus
2313 1233 2458 1305 fore
2511 1241 2589 1305 ut
2636 1231 2722 1305 ad
2778 1230 3173 1303 huiusmodi
3221 1230 3740 1307 Laboratorium
3793 1233 4291 1331 perveniamus.

1483 1356 1620 1429 Sed
1687 1356 1744 1429 si
1802 1368 2026 1430 tacere
2083 1378 2223 1428 non
2294 1352 2454 1427 licet
2505 1375 2681 1450 quae
2729 1350 3041 1424 omnium
3086 1372 3279 1425 voces
3333 1351 3469 1423 iam
3526 1352 3781 1425 multos
3834 1374 3956 1450 per
3998 1375 4217 1427 annos
4258 1378 4417 1428 oon·

1380 1498 1584 1549 sensu
1639 1482 2059 1571 exposcunt,
2111 1483 2335 1548 tacere
2390 1496 2531 1547 non
2585 1472 2745 1546 licet
2786 1472 2873 1544 de
2918 1470 3349 1545 Nosocomio.
3451 1470 3637 1545 Laus
3689 1482 3759 1544 et
3814 1472 4029 1545 honos
4076 1472 4167 1545 sit
4214 1473 4419 1572 legis·

1379 1595 1618 1683 latori,
1687 1594 1808 1691 qui
1873 1617 2054 1668 anno
2117 1595 2302 1667 1815
2360 1592 2740 1667 rectissimo
2790 1615 2933 1665 rem
2984 1591 3333 1690 perspexit
3380 1591 3824 1688 ostenditque
3872 1614 4012 1690 qua
4061 1592 4173 1667 via
4219 1594 4415 1668 iusti-

1378 1714 1558 1788 tutio
1595 1714 1858 1787 clinica
1914 1738 2121 1812 quam
2187 1712 2519 1788 latissime
2574 1719 2809 1809 patere
2859 1721 2932 1785 et
2987 1710 3361 1809 plurimum
3420 1708 3733 1806 plurimis
3782 1710 4106 1808 prodesse
4160 1722 4411 1810 posset.

1377 1836 1821 1932 Quamquam
1896 1858 2074 1932 quae
2141 1833 2275 1907 illis
2345 1832 2775 1931 temporibus
2840 1839 3035 1905 erant
3104 1831 3309 1916 satis,
3376 1829 3629 1901 nostris
3683 1852 3820 1903 non
3888 1830 4279 1920 sufficiunt,
4342 1844 4417 1907 et

1373 1954 1551 2028 clare
1598 1954 2092 2028 demonstravit
2135 1954 2519 2053 Legislator
2558 1976 2631 2025 se
2672 1951 2925 2025 sentire
2946 2008 2965 2040 ‚
3022 1948 3272 2024 debere
3302 1946 3592 2047 patriam
3636 1956 3867 2022 tenere
3904 1948 4115 2024 illud:
4178 1976 4413 2051 umag-

1373 2096 1532 2145 nam
1603 2074 1926 2147 nobilitas
1985 2074 2256 2173 generis
2319 2073 2739 2170 optimarum
2798 2071 3049 2145 artium
3119 2070 3413 2170 imponit
3482 2069 4033 2144 necessitatem?
4150 2072 4413 2147 Intelli-

1369 2184 1582 2293 gebat
1651 2194 1928 2293 penitus
1993 2196 2243 2269 avitam
2311 2193 2589 2267 laudem
2636 2190 3020 2265 conservari
3062 2198 3377 2288 oportere
3426 2189 3683 2263 summi
3734 2190 4099 2267 Boerhavii
4148 2193 4415 2269 meritis

1367 2322 1634 2411 partam
1703 2323 1773 2387 et
1833 2338 1956 2411 per
2020 2314 2204 2388 illius
2273 2312 2649 2410 discipulos
2720 2318 2867 2384 toto
2932 2309 3101 2383 orbe
3172 2311 3658 2409 propagatam!
3740 2314 3972 2389 Quem
4014 2312 4279 2386 exitum
4332 2338 4413 2388 ea

1363 2432 2122 2649 resQliatiikirlintjuperiore
2183 2574 2366 2623 anno
2431 2550 2811 2625 Academia
2878 2548 3433 2624 vindobonensis
3496 2550 3741 2647 quinta
3802 2551 4181 2625 saecularia
4232 2552 4409 2627 cele-

1363 2671 1590 2745 braret
1662 2694 2063 2767 sororesque
2129 2668 2539 2743 Academias
2586 2670 2675 2744 ad
2726 2693 2810 2743 ea
2858 2667 3398 2743 concelebranda
3444 2668 3801 2757 invitaret,
3854 2670 4411 2747 Vindobonensis

1360 2791 1738 2863 Academia
1801 2790 2518 2888 Lugduno·Batavam
2582 2787 2953 2888 praeteriit.
3058 2790 3209 2862 Iam
3272 2788 3421 2862 iure
3480 2790 3677 2887 queri
3728 2790 3949 2887 possis
3993 2789 4081 2863 de
4120 2790 4410 2889 ingratis

1361 2910 1718 2984 hominum
1764 2909 2048 2984 animis:
2117 2908 2452 2983 excidisse
2498 2909 2917 3007 posteritatis
2962 2907 3293 2983 memoria
3344 2932 3698 2983 summum
3742 2909 3959 2983 virum
4015 2932 4142 2983 van
4196 2910 4407 2984 Swie-

1359 3039 1512 3117 ten,
1563 3030 1926 3104 Boerhavii
1974 3029 2485 3105 nobilissimum
2537 3028 2994 3127 discipulum,
3036 3027 3287 3103 iecisse
3328 3026 3782 3104 fundamenta
3834 3026 4093 3126 quibus
4125 3027 4407 3118 ,Vindo-

1359 3151 1768 3226 bonensium
1819 3151 2035 3249 gloria
2081 3161 2150 3224 et
2197 3150 2432 3224 laudes
2475 3149 2825 3239 nitantur3
2880 3149 3002 3224 sed
3045 3150 3175 3223 hoc
3215 3173 3504 3248 quaero:
3559 3150 3910 3248 putatisne
3954 3149 4405 3226 Academiam

1353 3271 2069 3368 Lugduno-Batavam
2143 3271 2291 3343 sine
2361 3269 2661 3368 quadam
2738 3269 3085 3344 anxietate
3154 3270 3369 3344 animi
3442 3269 3679 3344 sedem
3753 3269 4195 3344 honorificam
4268 3269 4405 3344 sibi

1355 3389 1658 3463 debitam
1728 3398 2216 3488 occupaturam
2289 3390 2543 3477 Fuisse,
2619 3413 2845 3488 neque
2902 3391 3219 3464 futurum
3288 3397 3371 3464 ut
3428 3391 3691 3488 pudore
3744 3389 4261 3464 suffunderetur
4308 3391 4405 3466 ob

1350 3509 1611 3607 patriae
1677 3510 1989 3584 inertiam
2014 3569 2032 3598 ,
2103 3509 2226 3583 ubi
2285 3509 2545 3582 videret
2609 3509 2957 3584 exaruisse
3018 3508 3207 3608 apud
3268 3533 3393 3584 nos
3442 3511 3745 3609 opimam
3802 3509 4151 3607 plantam,
4195 3511 4403 3585 cuius

1349 3638 1631 3704 tenuem
1692 3630 2139 3729 propaginem
2207 3629 2306 3702 illi
2369 3651 2495 3702 sua
2544 3652 2708 3702 cura
2756 3637 2831 3704 et
2884 3630 3115 3703 studio
3166 3629 3716 3704 florentissimam
3778 3641 3850 3702 et
3908 3629 4397 3704 validissimam

1351 3749 1691 3824 fecissent.
1794 3750 1869 3823 Si
1941 3773 2253 3847 unquam
2310 3748 2478 3823 alibi
2529 3749 2598 3821 in
2658 3771 2785 3822 nos
2832 3749 3019 3823 cadit
3066 3749 3273 3823 illud:
3353 3747 3819 3824 udeliberante
3872 3749 4136 3822 Senatu
4193 3750 4399 3848 periit

1353 3869 1740 3966 Saguntum
1772 3870 1837 3941 l''
1915 3870 2314 3950 Multumne
2359 3869 2575 3943 distat
2621 3869 2709 3943 ab
2767 3869 3051 3943 interitu
3093 3876 3315 3944 status
3364 3869 3456 3958 is,
3520 3869 3794 3969 qualem
3836 3869 4168 3966 superiori
4212 3893 4397 3944 anno

1347 4012 1660 4062 summae
1707 3988 1808 4060 vir
1850 3987 1924 4060 in
1971 3987 2225 4061 talibus
2269 3989 2697 4065 auctoritatis
2741 3989 3153 4088 descripsit?
3223 3991 3604 4064 Personant
3647 3987 3877 4063 adhuc
3922 4011 4123 4062 aures
4168 3987 4395 4063 verbis

1345 4131 1524 4206 quae
1581 4107 2154 4202 indignabundus
2217 4107 2665 4181 Halbertsma
2714 4109 2969 4181 edidit:
3030 4109 3397 4182 nhorribile
3436 4109 3630 4183 dictu
3654 4167 3674 4197 ‚
3728 4107 4051 4182 horribile
4092 4107 4389 4183 auditu'’

1343 4238 1413 4302 et
1464 4226 1721 4325 quibus
1771 4227 2106 4308 intonuit:
2167 4226 2331 4300 used
2384 4249 2611 4300 rerum
2663 4227 3056 4300 testimonia
3106 4227 3445 4302 adsuntl''

1441 4348 1582 4420 Res
1630 4348 1698 4420 in
1755 4347 1996 4420 eodem
2045 4354 2229 4419 statu
2281 4357 2407 4420 est.
2514 4347 2653 4420 Sed
2703 4345 2823 4419 ubi
2876 4345 3187 4445 proxima
3231 4346 3567 4444 pernicies
3604 4356 3714 4420 est
3754 4347 3973 4422 vicina
4018 4355 4127 4421 ost
4156 4348 4384 4435 salus,

1339 4476 1410 4540 et
1459 4466 1766 4564 gratulor
1813 4466 1984 4540 mihi
2032 4467 2148 4540 cui
2197 4467 2355 4541 licet
2403 4465 2813 4541 annuntiare
2867 4465 3162 4542 laetioris
3212 4465 3351 4539 diei
3400 4467 3622 4541 lucem
3674 4462 4025 4566 affulgere.

1435 4585 1738 4659 Grandis
1805 4587 2095 4684 pecunia
2169 4587 2444 4686 publice
2508 4585 2580 4660 in
2663 4586 2849 4660 hunc
2922 4609 3127 4660 usum
3196 4584 3549 4662 attributa.
3676 4586 4098 4661 Decuriones
4173 4585 4383 4661 huius

1340 4703 1533 4779 urbis
1596 4705 1780 4778 idem
1837 4705 2166 4781 fecerunt.
2270 4707 2685 4781 Coalescunt
2724 4707 2939 4781 animi
2989 4713 3061 4780 et
3108 4729 3217 4780 res
3270 4704 3680 4780 convalescit
3728 4729 3907 4804 quae
3956 4731 4042 4780 ex
4090 4729 4175 4780 ea
4218 4728 4379 4782 con·

1336 4820 1570 4900 cordia
1623 4824 1712 4898 ad
1764 4824 2028 4899 exitum
2077 4827 2515 4925 perducetur.
2617 4826 2932 4901 Laudare
2990 4825 3103 4900 bic
3142 4827 3335 4900 iuvat
3384 4825 3789 4923 sapientiam
3836 4824 4173 4900 maiorum
4222 4827 4377 4924 qui-
4512 4881 4519 4888 .
