<?xml version="1.0" encoding="UTF-8"?>
<!DOCTYPE html PUBLIC "-//W3C//DTD XHTML 1.0 Transitional//EN"
    "http://www.w3.org/TR/xhtml1/DTD/xhtml1-transitional.dtd">
<html xmlns="http://www.w3.org/1999/xhtml" xml:lang="en" lang="en">
 <head>
  <title>
</title>
<meta http-equiv="Content-Type" content="text/html;charset=utf-8" />
  <meta name='ocr-system' content='tesseract 3.04.00' />
  <meta name='ocr-capabilities' content='ocr_page ocr_carea ocr_par ocr_line ocrx_word'/>
</head>
<body>
  <div class='ocr_page' id='page_1' title='image "annalesacademic19unkngoog_0043.png"; bbox 0 0 4942 6175; ppageno 0'>
   <div class='ocr_carea' id='block_1_1' title="bbox 975 1599 3057 1991">
    <p class='ocr_par' dir='ltr' id='par_1_1' title="bbox 975 1599 3057 1991">
     <span class='ocr_line' id='line_1_1' title="bbox 975 1599 2919 1733; baseline -0.003 -13"><span class='ocrx_word' id='word_1_1' title='bbox 975 1600 982 1607; x_wconf 48' lang='grc'><strong><em>’</em></strong></span> <span class='ocrx_word' id='word_1_2' title='bbox 1145 1604 1465 1719; x_wconf 78' lang='lat' dir='ltr'>ACTA</span> <span class='ocrx_word' id='word_1_3' title='bbox 1517 1604 1680 1718; x_wconf 78' lang='grc' dir='ltr'><strong>ΕΤ</strong></span> <span class='ocrx_word' id='word_1_4' title='bbox 1737 1602 2130 1718; x_wconf 80' lang='lat' dir='ltr'><strong>GESTA</strong></span> <span class='ocrx_word' id='word_1_5' title='bbox 2185 1604 2325 1717; x_wconf 87' lang='lat' dir='ltr'><strong>IN</strong></span> <span class='ocrx_word' id='word_1_6' title='bbox 2386 1599 2873 1717; x_wconf 78' lang='lat' dir='ltr'><strong>SENATU</strong></span> <span class='ocrx_word' id='word_1_7' title='bbox 2896 1686 2919 1733; x_wconf 90' lang='lat'><strong>,</strong></span> 
     </span>
     <span class='ocr_line' id='line_1_2' title="bbox 1010 1751 3057 1991; baseline -0.002 -44"><span class='ocrx_word' id='word_1_8' title='bbox 1010 1860 1138 1991; x_wconf 76' lang='lat' dir='ltr'><strong>m</strong></span> <span class='ocrx_word' id='word_1_9' title='bbox 1218 1751 3057 1947; x_wconf 42' lang='lat' dir='ltr'><strong>AGADEMIA&#39;LWDUMAEATAVA„</strong></span> 
     </span>
    </p>
   </div>
   <div class='ocr_carea' id='block_1_2' title="bbox 1781 2247 2310 2265">
    <p class='ocr_par' dir='ltr' id='par_1_2' title="bbox 1781 2247 2310 2265">
     <span class='ocr_line' id='line_1_3' title="bbox 1781 2247 2310 2265; baseline -0.006 -2"><span class='ocrx_word' id='word_1_10' title='bbox 1781 2247 2310 2265; x_wconf 52' lang='lat' dir='ltr'><em>m</em></span> 
     </span>
    </p>
   </div>
   <div class='ocr_carea' id='block_1_3' title="bbox 1863 2552 2223 2630">
    <p class='ocr_par' dir='ltr' id='par_1_3' title="bbox 1863 2552 2223 2630">
     <span class='ocr_line' id='line_1_4' title="bbox 1863 2552 2223 2630; baseline 0.006 -2"><span class='ocrx_word' id='word_1_11' title='bbox 1863 2552 1954 2628; x_wconf 88' lang='lat' dir='ltr'><strong>A.</strong></span> <span class='ocrx_word' id='word_1_12' title='bbox 2011 2553 2223 2630; x_wconf 78' lang='lat'>1865.</span> 
     </span>
    </p>
   </div>
   <div class='ocr_carea' id='block_1_4' title="bbox 527 2810 3591 3634">
    <p class='ocr_par' dir='ltr' id='par_1_4' title="bbox 527 2810 3591 3634">
     <span class='ocr_line' id='line_1_5' title="bbox 527 2810 3587 2913; baseline -0.002 -20"><span class='ocrx_word' id='word_1_13' title='bbox 527 2818 662 2894; x_wconf 90' lang='lat' dir='ltr'><strong>Die</strong></span> <span class='ocrx_word' id='word_1_14' title='bbox 770 2817 817 2890; x_wconf 81' lang='lat'><strong>6</strong></span> <span class='ocrx_word' id='word_1_15' title='bbox 867 2838 963 2890; x_wconf 92' lang='lat' dir='ltr'><strong>m.</strong></span> <span class='ocrx_word' id='word_1_16' title='bbox 1017 2811 1279 2889; x_wconf 89' lang='lat' dir='ltr'><strong>Martii.</strong></span> <span class='ocrx_word' id='word_1_17' title='bbox 1379 2810 1792 2887; x_wconf 86' lang='lat' dir='ltr'><strong>Rccitantur</strong></span> <span class='ocrx_word' id='word_1_18' title='bbox 1861 2810 2100 2887; x_wconf 86' lang='lat' dir='ltr'><strong>literae</strong></span> <span class='ocrx_word' id='word_1_19' title='bbox 2174 2838 2217 2888; x_wconf 97' lang='lat' dir='ltr'><strong>a</strong></span> <span class='ocrx_word' id='word_1_20' title='bbox 2289 2812 2432 2887; x_wconf 87' lang='lat' dir='ltr'><strong>viro</strong></span> <span class='ocrx_word' id='word_1_21' title='bbox 2508 2810 2965 2913; x_wconf 88' lang='lat' dir='ltr'><strong>Amplissimo</strong></span> <span class='ocrx_word' id='word_1_22' title='bbox 3023 2812 3237 2889; x_wconf 90' lang='lat' dir='ltr'><strong>rebus</strong></span> <span class='ocrx_word' id='word_1_23' title='bbox 3298 2812 3587 2888; x_wconf 86' lang='lat' dir='ltr'><strong>internis</strong></span> 
     </span>
     <span class='ocr_line' id='line_1_6' title="bbox 859 2931 3591 3035; baseline -0.001 -24"><span class='ocrx_word' id='word_1_24' title='bbox 859 2933 1220 3011; x_wconf 77' lang='lat' dir='ltr'><strong>Praefecto</strong></span> <span class='ocrx_word' id='word_1_25' title='bbox 1289 2933 1380 3008; x_wconf 88' lang='lat' dir='ltr'><strong>ad</strong></span> <span class='ocrx_word' id='word_1_26' title='bbox 1441 2931 1780 3007; x_wconf 78' lang='lat' dir='ltr'><strong>Senatum</strong></span> <span class='ocrx_word' id='word_1_27' title='bbox 1847 2933 2048 3009; x_wconf 86' lang='lat' dir='ltr'><strong>datae</strong></span> <span class='ocrx_word' id='word_1_28' title='bbox 2110 2932 2199 3006; x_wconf 86' lang='lat' dir='ltr'><strong>de</strong></span> <span class='ocrx_word' id='word_1_29' title='bbox 2263 2932 2466 3008; x_wconf 91' lang='lat' dir='ltr'><strong>obitu</strong></span> <span class='ocrx_word' id='word_1_30' title='bbox 2538 2933 2723 3033; x_wconf 80' lang='lat' dir='ltr'><strong>regis</strong></span> <span class='ocrx_word' id='word_1_31' title='bbox 2792 2932 3299 3035; x_wconf 81' lang='lat' dir='ltr'><strong>Angustissimi</strong></span> <span class='ocrx_word' id='word_1_32' title='bbox 3349 2932 3591 3008; x_wconf 88' lang='lat' dir='ltr'><strong>matris</strong></span> 
     </span>
     <span class='ocr_line' id='line_1_7' title="bbox 861 3051 3591 3154; baseline -0.001 -23"><span class='ocrx_word' id='word_1_33' title='bbox 861 3055 1112 3131; x_wconf 88' lang='lat' dir='ltr'><strong>Annae</strong></span> <span class='ocrx_word' id='word_1_34' title='bbox 1159 3053 1595 3130; x_wconf 83' lang='lat' dir='ltr'><strong>Paulownae.</strong></span> <span class='ocrx_word' id='word_1_35' title='bbox 1681 3051 2105 3128; x_wconf 81' lang='lat' dir='ltr'><strong>Consolandi</strong></span> <span class='ocrx_word' id='word_1_36' title='bbox 2143 3076 2351 3129; x_wconf 78' lang='lat' dir='ltr'><strong>causa</strong></span> <span class='ocrx_word' id='word_1_37' title='bbox 2397 3051 2813 3154; x_wconf 71' lang='lat' dir='ltr'><strong>legationem</strong></span> <span class='ocrx_word' id='word_1_38' title='bbox 2861 3053 2953 3128; x_wconf 87' lang='lat' dir='ltr'><strong>ad</strong></span> <span class='ocrx_word' id='word_1_39' title='bbox 3000 3054 3271 3154; x_wconf 86' lang='lat' dir='ltr'><strong>Regem</strong></span> <span class='ocrx_word' id='word_1_40' title='bbox 3315 3052 3591 3128; x_wconf 83' lang='lat' dir='ltr'><strong>mittere</strong></span> 
     </span>
     <span class='ocr_line' id='line_1_8' title="bbox 862 3168 3585 3274; baseline -0.001 -23"><span class='ocrx_word' id='word_1_41' title='bbox 862 3175 1161 3274; x_wconf 88' lang='lat' dir='ltr'><strong>Senatus</strong></span> <span class='ocrx_word' id='word_1_42' title='bbox 1217 3172 1546 3249; x_wconf 84' lang='lat' dir='ltr'><strong>decernit.</strong></span> <span class='ocrx_word' id='word_1_43' title='bbox 1643 3173 1762 3246; x_wconf 91' lang='lat' dir='ltr'><strong>Ad</strong></span> <span class='ocrx_word' id='word_1_44' title='bbox 1813 3171 2031 3250; x_wconf 81' lang='lat' dir='ltr'><strong>instar</strong></span> <span class='ocrx_word' id='word_1_45' title='bbox 2073 3173 2226 3248; x_wconf 87' lang='lat' dir='ltr'><strong>eius</strong></span> <span class='ocrx_word' id='word_1_46' title='bbox 2267 3173 2458 3274; x_wconf 91' lang='lat' dir='ltr'><strong>quod</strong></span> <span class='ocrx_word' id='word_1_47' title='bbox 2500 3168 2577 3248; x_wconf 79' lang='lat' dir='ltr'><strong>iti</strong></span> <span class='ocrx_word' id='word_1_48' title='bbox 2623 3172 2832 3249; x_wconf 80' lang='lat' dir='ltr'><strong>simili</strong></span> <span class='ocrx_word' id='word_1_49' title='bbox 2878 3197 2953 3248; x_wconf 88' lang='lat' dir='ltr'><strong>re</strong></span> <span class='ocrx_word' id='word_1_50' title='bbox 2995 3171 3207 3250; x_wconf 90' lang='lat' dir='ltr'><strong>moris</strong></span> <span class='ocrx_word' id='word_1_51' title='bbox 3250 3181 3358 3248; x_wconf 88' lang='lat' dir='ltr'><strong>est</strong></span> <span class='ocrx_word' id='word_1_52' title='bbox 3397 3173 3585 3273; x_wconf 84' lang='lat' dir='ltr'><strong>lega-</strong></span> 
     </span>
     <span class='ocr_line' id='line_1_9' title="bbox 870 3291 3590 3394; baseline 0 -25"><span class='ocrx_word' id='word_1_53' title='bbox 870 3294 1082 3370; x_wconf 89' lang='lat' dir='ltr'><strong>tionis</strong></span> <span class='ocrx_word' id='word_1_54' title='bbox 1153 3292 1454 3368; x_wconf 89' lang='lat' dir='ltr'><strong>officium</strong></span> <span class='ocrx_word' id='word_1_55' title='bbox 1509 3291 1810 3368; x_wconf 77' lang='lat' dir='ltr'><strong>Mandat</strong></span> <span class='ocrx_word' id='word_1_56' title='bbox 1870 3292 2149 3368; x_wconf 87' lang='lat' dir='ltr'><strong>Rectori</strong></span> <span class='ocrx_word' id='word_1_57' title='bbox 2211 3293 2593 3394; x_wconf 81' lang='lat' dir='ltr'><strong>Magnifice</strong></span> <span class='ocrx_word' id='word_1_58' title='bbox 2653 3302 2727 3369; x_wconf 91' lang='lat' dir='ltr'><strong>et</strong></span> <span class='ocrx_word' id='word_1_59' title='bbox 2782 3293 3185 3370; x_wconf 84' lang='lat' dir='ltr'><strong>Senioribus</strong></span> <span class='ocrx_word' id='word_1_60' title='bbox 3240 3293 3590 3394; x_wconf 86' lang='lat' dir='ltr'><strong>simulque</strong></span> 
     </span>
     <span class='ocr_line' id='line_1_10' title="bbox 859 3410 3589 3515; baseline -0 -26"><span class='ocrx_word' id='word_1_61' title='bbox 859 3413 1062 3489; x_wconf 85' lang='lat' dir='ltr'><strong>iubet</strong></span> <span class='ocrx_word' id='word_1_62' title='bbox 1128 3411 1542 3489; x_wconf 88' lang='lat' dir='ltr'><strong>Actuarium</strong></span> <span class='ocrx_word' id='word_1_63' title='bbox 1603 3411 1836 3486; x_wconf 89' lang='lat' dir='ltr'><strong>literas</strong></span> <span class='ocrx_word' id='word_1_64' title='bbox 1902 3411 2176 3488; x_wconf 89' lang='lat' dir='ltr'><strong>mittere</strong></span> <span class='ocrx_word' id='word_1_65' title='bbox 2219 3413 2312 3488; x_wconf 85' lang='lat' dir='ltr'><strong>ad</strong></span> <span class='ocrx_word' id='word_1_66' title='bbox 2357 3412 2542 3513; x_wconf 84' lang='lat' dir='ltr'><strong>regis</strong></span> <span class='ocrx_word' id='word_1_67' title='bbox 2588 3410 3111 3491; x_wconf 88' lang='lat' dir='ltr'><strong>Cubicularium</strong></span> <span class='ocrx_word' id='word_1_68' title='bbox 3171 3412 3433 3515; x_wconf 88' lang='lat' dir='ltr'><strong>quibus</strong></span> <span class='ocrx_word' id='word_1_69' title='bbox 3482 3414 3589 3489; x_wconf 86' lang='lat' dir='ltr'><strong>in-</strong></span> 
     </span>
     <span class='ocr_line' id='line_1_11' title="bbox 863 3529 3387 3634; baseline 0.001 -27"><span class='ocrx_word' id='word_1_70' title='bbox 863 3529 1213 3633; x_wconf 87' lang='lat' dir='ltr'><strong>quiratur,</strong></span> <span class='ocrx_word' id='word_1_71' title='bbox 1265 3554 1435 3606; x_wconf 89' lang='lat' dir='ltr'><strong>num</strong></span> <span class='ocrx_word' id='word_1_72' title='bbox 1484 3530 1612 3606; x_wconf 86' lang='lat' dir='ltr'><strong>hac</strong></span> <span class='ocrx_word' id='word_1_73' title='bbox 1663 3529 2179 3630; x_wconf 78' lang='lat' dir='ltr'><strong>opportunitate</strong></span> <span class='ocrx_word' id='word_1_74' title='bbox 2225 3531 2481 3631; x_wconf 81' lang='lat' dir='ltr'><strong>legatio</strong></span> <span class='ocrx_word' id='word_1_75' title='bbox 2529 3531 2711 3633; x_wconf 80' lang='lat' dir='ltr'><strong>Regi</strong></span> <span class='ocrx_word' id='word_1_76' title='bbox 2755 3541 2954 3634; x_wconf 81' lang='lat' dir='ltr'><strong>grata</strong></span> <span class='ocrx_word' id='word_1_77' title='bbox 3000 3531 3091 3608; x_wconf 91' lang='lat' dir='ltr'><strong>sit</strong></span> <span class='ocrx_word' id='word_1_78' title='bbox 3135 3532 3387 3610; x_wconf 84' lang='lat' dir='ltr'><strong>futura.</strong></span> 
     </span>
    </p>
   </div>
   <div class='ocr_carea' id='block_1_5' title="bbox 542 3768 3589 4114">
    <p class='ocr_par' dir='ltr' id='par_1_5' title="bbox 542 3768 3589 4114">
     <span class='ocr_line' id='line_1_12' title="bbox 542 3768 3589 3868; baseline 0 -21"><span class='ocrx_word' id='word_1_79' title='bbox 542 3772 674 3847; x_wconf 89' lang='lat' dir='ltr'><strong>Die</strong></span> <span class='ocrx_word' id='word_1_80' title='bbox 738 3773 831 3847; x_wconf 89' lang='lat'><strong>18</strong></span> <span class='ocrx_word' id='word_1_81' title='bbox 879 3795 976 3846; x_wconf 91' lang='lat' dir='ltr'><strong>m.</strong></span> <span class='ocrx_word' id='word_1_82' title='bbox 1027 3769 1370 3847; x_wconf 78' lang='lat' dir='ltr'><strong>Octobris,</strong></span> <span class='ocrx_word' id='word_1_83' title='bbox 1476 3769 1774 3845; x_wconf 87' lang='lat' dir='ltr'><strong>Senatus</strong></span> <span class='ocrx_word' id='word_1_84' title='bbox 1822 3769 2017 3868; x_wconf 85' lang='lat' dir='ltr'><strong>luget</strong></span> <span class='ocrx_word' id='word_1_85' title='bbox 2053 3768 2325 3845; x_wconf 91' lang='lat' dir='ltr'><strong>obitum</strong></span> <span class='ocrx_word' id='word_1_86' title='bbox 2380 3770 2507 3844; x_wconf 88' lang='lat' dir='ltr'><strong>viri</strong></span> <span class='ocrx_word' id='word_1_87' title='bbox 2550 3772 2636 3846; x_wconf 92' lang='lat' dir='ltr'><strong>cl.</strong></span> <span class='ocrx_word' id='word_1_88' title='bbox 2678 3772 2868 3846; x_wconf 90' lang='lat' dir='ltr'><strong>Petri</strong></span> <span class='ocrx_word' id='word_1_89' title='bbox 2912 3771 3324 3848; x_wconf 87' lang='lat' dir='ltr'><strong>Hoffmanni</strong></span> <span class='ocrx_word' id='word_1_90' title='bbox 3358 3771 3589 3848; x_wconf 90' lang='lat' dir='ltr'><strong>Peerl-</strong></span> 
     </span>
     <span class='ocr_line' id='line_1_13' title="bbox 871 3887 3413 3991; baseline 0.001 -26"><span class='ocrx_word' id='word_1_91' title='bbox 871 3889 1084 3991; x_wconf 86' lang='lat' dir='ltr'><strong>kamp</strong></span> <span class='ocrx_word' id='word_1_92' title='bbox 1137 3888 1211 3965; x_wconf 89' lang='lat' dir='ltr'><strong>in</strong></span> <span class='ocrx_word' id='word_1_93' title='bbox 1257 3889 1419 3964; x_wconf 84' lang='lat' dir='ltr'><strong>Fac.</strong></span> <span class='ocrx_word' id='word_1_94' title='bbox 1471 3887 1651 3963; x_wconf 89' lang='lat' dir='ltr'><strong>Phil.</strong></span> <span class='ocrx_word' id='word_1_95' title='bbox 1699 3888 2018 3964; x_wconf 75' lang='lat' dir='ltr'><strong>Theoi-et.</strong></span> <span class='ocrx_word' id='word_1_96' title='bbox 2069 3895 2141 3963; x_wconf 76' lang='lat' dir='ltr'><strong>‘et</strong></span> <span class='ocrx_word' id='word_1_97' title='bbox 2185 3889 2324 3965; x_wconf 83' lang='lat' dir='ltr'><strong>Lit.</strong></span> <span class='ocrx_word' id='word_1_98' title='bbox 2373 3887 2449 3963; x_wconf 92' lang='lat' dir='ltr'>H</span> <span class='ocrx_word' id='word_1_99' title='bbox 2457 3909 2689 3966; x_wconf 89' lang='lat' dir='ltr'><strong>uman.</strong></span> <span class='ocrx_word' id='word_1_100' title='bbox 2735 3890 2903 3966; x_wconf 89' lang='lat' dir='ltr'><strong>olim</strong></span> <span class='ocrx_word' id='word_1_101' title='bbox 2954 3891 3139 3966; x_wconf 84' lang='lat' dir='ltr'><strong>Prof.</strong></span> <span class='ocrx_word' id='word_1_102' title='bbox 3190 3893 3413 3968; x_wconf 89' lang='lat' dir='ltr'><strong>ordin.</strong></span> 
     </span>
     <span class='ocr_line' id='line_1_14' title="bbox 971 4005 3585 4114; baseline 0.002 -30"><span class='ocrx_word' id='word_1_103' title='bbox 971 4009 1230 4084; x_wconf 85' lang='lat' dir='ltr'><strong>Rector</strong></span> <span class='ocrx_word' id='word_1_104' title='bbox 1281 4008 1372 4082; x_wconf 89' lang='lat' dir='ltr'><strong>ad</strong></span> <span class='ocrx_word' id='word_1_105' title='bbox 1417 4008 1753 4082; x_wconf 84' lang='lat' dir='ltr'><strong>Senatum</strong></span> <span class='ocrx_word' id='word_1_106' title='bbox 1804 4005 2010 4082; x_wconf 80' lang='lat' dir='ltr'><strong>refert</strong></span> <span class='ocrx_word' id='word_1_107' title='bbox 2027 4066 2048 4097; x_wconf 87' lang='lat'>‚</span> <span class='ocrx_word' id='word_1_108' title='bbox 2093 4027 2169 4082; x_wconf 72' lang='lat' dir='ltr'><strong>se</strong></span> <span class='ocrx_word' id='word_1_109' title='bbox 2211 4033 2373 4084; x_wconf 88' lang='lat' dir='ltr'><strong>cum</strong></span> <span class='ocrx_word' id='word_1_110' title='bbox 2411 4009 2820 4086; x_wconf 81' lang='lat' dir='ltr'><strong>Senioribus</strong></span> <span class='ocrx_word' id='word_1_111' title='bbox 2856 4038 2901 4087; x_wconf 90' lang='lat' dir='ltr'><strong>a</strong></span> <span class='ocrx_word' id='word_1_112' title='bbox 2942 4012 3206 4089; x_wconf 89' lang='lat' dir='ltr'><strong>Senatu</strong></span> <span class='ocrx_word' id='word_1_113' title='bbox 3249 4013 3585 4114; x_wconf 81' lang='lat' dir='ltr'><strong>delegatis</strong></span> 
     </span>
    </p>
   </div>
   <div class='ocr_carea' id='block_1_6' title="bbox 875 4125 3587 4340">
    <p class='ocr_par' dir='ltr' id='par_1_6' title="bbox 875 4125 3587 4340">
     <span class='ocr_line' id='line_1_15' title="bbox 875 4125 3587 4227; baseline 0 -21"><span class='ocrx_word' id='word_1_114' title='bbox 875 4129 966 4206; x_wconf 91' lang='lat' dir='ltr'><strong>ad</strong></span> <span class='ocrx_word' id='word_1_115' title='bbox 1023 4129 1523 4206; x_wconf 82' lang='lat' dir='ltr'><strong>consolandum</strong></span> <span class='ocrx_word' id='word_1_116' title='bbox 1593 4150 1828 4227; x_wconf 82' lang='lat' dir='ltr'><strong>regem</strong></span> <span class='ocrx_word' id='word_1_117' title='bbox 1893 4125 1984 4202; x_wconf 85' lang='lat' dir='ltr'><strong>ob</strong></span> <span class='ocrx_word' id='word_1_118' title='bbox 2040 4127 2282 4203; x_wconf 88' lang='lat' dir='ltr'><strong>matris</strong></span> <span class='ocrx_word' id='word_1_119' title='bbox 2333 4125 2605 4204; x_wconf 86' lang='lat' dir='ltr'><strong>obitum</strong></span> <span class='ocrx_word' id='word_1_120' title='bbox 2627 4190 2648 4221; x_wconf 87' lang='lat'>‚</span> <span class='ocrx_word' id='word_1_121' title='bbox 2700 4130 2829 4207; x_wconf 88' lang='lat' dir='ltr'><strong>hoc</strong></span> <span class='ocrx_word' id='word_1_122' title='bbox 2870 4131 3093 4207; x_wconf 89' lang='lat' dir='ltr'><strong>officio</strong></span> <span class='ocrx_word' id='word_1_123' title='bbox 3139 4156 3267 4206; x_wconf 91' lang='lat' dir='ltr'><strong>suo</strong></span> <span class='ocrx_word' id='word_1_124' title='bbox 3311 4131 3587 4206; x_wconf 87' lang='lat' dir='ltr'><strong>functos</strong></span> 
     </span>
     <span class='ocr_line' id='line_1_16' title="bbox 877 4247 3584 4340; baseline 0.001 -16"><span class='ocrx_word' id='word_1_125' title='bbox 877 4272 1048 4324; x_wconf 87' lang='lat' dir='ltr'><strong>esse.</strong></span> <span class='ocrx_word' id='word_1_126' title='bbox 1117 4249 1504 4324; x_wconf 85' lang='lat' dir='ltr'><strong>Rectantur</strong></span> <span class='ocrx_word' id='word_1_127' title='bbox 1545 4247 1783 4323; x_wconf 84' lang='lat' dir='ltr'><strong>literae</strong></span> <span class='ocrx_word' id='word_1_128' title='bbox 1826 4247 2244 4324; x_wconf 74' lang='lat' dir='ltr'><strong>curatorum</strong></span> <span class='ocrx_word' id='word_1_129' title='bbox 2293 4249 2364 4326; x_wconf 86' lang='lat' dir='ltr'><strong>d.</strong></span> <span class='ocrx_word' id='word_1_130' title='bbox 2401 4251 2472 4324; x_wconf 91' lang='lat' dir='ltr'><strong>d.</strong></span> <span class='ocrx_word' id='word_1_131' title='bbox 2521 4253 2615 4325; x_wconf 83' lang='lat'><strong>22</strong></span> <span class='ocrx_word' id='word_1_132' title='bbox 2653 4275 2749 4326; x_wconf 90' lang='lat' dir='ltr'><strong>m.</strong></span> <span class='ocrx_word' id='word_1_133' title='bbox 2795 4251 3015 4340; x_wconf 88' lang='lat' dir='ltr'><strong>Iunii,</strong></span> <span class='ocrx_word' id='word_1_134' title='bbox 3068 4253 3403 4327; x_wconf 88' lang='lat' dir='ltr'><strong>Senatum</strong></span> <span class='ocrx_word' id='word_1_135' title='bbox 3440 4275 3584 4326; x_wconf 88' lang='lat' dir='ltr'><strong>cer·</strong></span> 
     </span>
    </p>
   </div>
   <div class='ocr_carea' id='block_1_7' title="bbox 875 4366 3589 5046">
    <p class='ocr_par' dir='ltr' id='par_1_7' title="bbox 875 4366 3589 4952">
     <span class='ocr_line' id='line_1_17' title="bbox 877 4366 3585 4472; baseline 0.001 -31"><span class='ocrx_word' id='word_1_136' title='bbox 877 4366 1123 4442; x_wconf 87' lang='lat' dir='ltr'><strong>tiorem</strong></span> <span class='ocrx_word' id='word_1_137' title='bbox 1169 4367 1571 4443; x_wconf 85' lang='lat' dir='ltr'><strong>facientium</strong></span> <span class='ocrx_word' id='word_1_138' title='bbox 1589 4423 1615 4458; x_wconf 88' lang='lat'>‚</span> <span class='ocrx_word' id='word_1_139' title='bbox 1664 4368 1844 4444; x_wconf 88' lang='lat' dir='ltr'><strong>doct.</strong></span> <span class='ocrx_word' id='word_1_140' title='bbox 1892 4369 1990 4444; x_wconf 92' lang='lat' dir='ltr'><strong>H.</strong></span> <span class='ocrx_word' id='word_1_141' title='bbox 2046 4368 2240 4444; x_wconf 88' lang='lat' dir='ltr'><strong>Kem</strong></span> <span class='ocrx_word' id='word_1_142' title='bbox 2263 4429 2284 4460; x_wconf 84' lang='lat'>‚</span> <span class='ocrx_word' id='word_1_143' title='bbox 2332 4369 2590 4444; x_wconf 83' lang='lat' dir='ltr'><strong>Benari</strong></span> <span class='ocrx_word' id='word_1_144' title='bbox 2632 4371 3001 4472; x_wconf 80' lang='lat' dir='ltr'><strong>degentem</strong></span> <span class='ocrx_word' id='word_1_145' title='bbox 3047 4371 3325 4446; x_wconf 89' lang='lat' dir='ltr'><strong>decreto</strong></span> <span class='ocrx_word' id='word_1_146' title='bbox 3366 4371 3585 4471; x_wconf 76' lang='lat' dir='ltr'><strong>Regis</strong></span> 
     </span>
     <span class='ocr_line' id='line_1_18' title="bbox 878 4486 3587 4586; baseline 0.002 -25"><span class='ocrx_word' id='word_1_147' title='bbox 878 4486 1385 4586; x_wconf 68' lang='lat' dir='ltr'><strong>Augufiusimi</strong></span> <span class='ocrx_word' id='word_1_148' title='bbox 1433 4488 1504 4564; x_wconf 68' lang='grc' dir='ltr'><strong>ἀ.</strong></span> <span class='ocrx_word' id='word_1_149' title='bbox 1546 4487 1614 4564; x_wconf 85' lang='lat' dir='ltr'><strong>d.</strong></span> <span class='ocrx_word' id='word_1_150' title='bbox 1663 4491 1708 4563; x_wconf 79' lang='lat'>2</span> <span class='ocrx_word' id='word_1_151' title='bbox 1760 4513 1854 4562; x_wconf 89' lang='lat' dir='ltr'><strong>m.</strong></span> <span class='ocrx_word' id='word_1_152' title='bbox 1920 4489 2147 4578; x_wconf 88' lang='lat' dir='ltr'><strong>Iunii,</strong></span> <span class='ocrx_word' id='word_1_153' title='bbox 2214 4489 2676 4564; x_wconf 75' lang='lat' dir='ltr'><strong>Professor-em</strong></span> <span class='ocrx_word' id='word_1_154' title='bbox 2742 4489 3166 4564; x_wconf 82' lang='lat' dir='ltr'><strong>ordinarium</strong></span> <span class='ocrx_word' id='word_1_155' title='bbox 3227 4489 3302 4565; x_wconf 92' lang='lat' dir='ltr'><strong>in</strong></span> <span class='ocrx_word' id='word_1_156' title='bbox 3372 4489 3587 4566; x_wconf 88' lang='lat' dir='ltr'><strong>facul-</strong></span> 
     </span>
     <span class='ocr_line' id='line_1_19' title="bbox 875 4603 3584 4699; baseline 0.001 -16"><span class='ocrx_word' id='word_1_157' title='bbox 875 4610 1038 4683; x_wconf 72' lang='lat' dir='ltr'><strong>tate·</strong></span> <span class='ocrx_word' id='word_1_158' title='bbox 1069 4603 1248 4684; x_wconf 75' lang='lat' dir='ltr'><strong>Phil.</strong></span> <span class='ocrx_word' id='word_1_159' title='bbox 1293 4607 1542 4686; x_wconf 50' lang='lat' dir='ltr'><strong>&#39;l‘hcors</strong></span> <span class='ocrx_word' id='word_1_160' title='bbox 1595 4617 1680 4684; x_wconf 83' lang='lat' dir='ltr'><strong>et·</strong></span> <span class='ocrx_word' id='word_1_161' title='bbox 1710 4607 1848 4684; x_wconf 66' lang='lat' dir='ltr'><strong>hit.</strong></span> <span class='ocrx_word' id='word_1_162' title='bbox 1899 4607 2121 4686; x_wconf 58' lang='lat' dir='ltr'><strong>Huma</strong></span> <span class='ocrx_word' id='word_1_163' title='bbox 2163 4617 2515 4699; x_wconf 78' lang='lat' dir='ltr'><strong>creatum,</strong></span> <span class='ocrx_word' id='word_1_164' title='bbox 2582 4620 2839 4684; x_wconf 80' lang='lat' dir='ltr'><strong>munus</strong></span> <span class='ocrx_word' id='word_1_165' title='bbox 2885 4607 3020 4684; x_wconf 80' lang='lat' dir='ltr'><strong>sibi</strong></span> <span class='ocrx_word' id='word_1_166' title='bbox 3072 4609 3383 4686; x_wconf 66' lang='lat' dir='ltr'><strong>delatum</strong></span> <span class='ocrx_word' id='word_1_167' title='bbox 3434 4635 3584 4686; x_wconf 91' lang='lat' dir='ltr'><strong>sus-</strong></span> 
     </span>
     <span class='ocr_line' id='line_1_20' title="bbox 885 4725 3589 4832; baseline 0.002 -31"><span class='ocrx_word' id='word_1_168' title='bbox 885 4728 1189 4828; x_wconf 67' lang='lat' dir='ltr'><strong>cepisse,</strong></span> <span class='ocrx_word' id='word_1_169' title='bbox 1255 4739 1602 4828; x_wconf 64' lang='lat' dir='ltr'><strong>spemque</strong></span> <span class='ocrx_word' id='word_1_170' title='bbox 1655 4749 1806 4804; x_wconf 78' lang='lat' dir='ltr'><strong>esso</strong></span> <span class='ocrx_word' id='word_1_171' title='bbox 1852 4728 2010 4804; x_wconf 75' lang='lat' dir='ltr'><strong>fone</strong></span> <span class='ocrx_word' id='word_1_172' title='bbox 2039 4737 2120 4802; x_wconf 78' lang='lat' dir='ltr'><strong>ut</strong></span> <span class='ocrx_word' id='word_1_173' title='bbox 2173 4747 2424 4804; x_wconf 76' lang='lat' dir='ltr'><strong>mense</strong></span> <span class='ocrx_word' id='word_1_174' title='bbox 2462 4729 2781 4831; x_wconf 73' lang='lat' dir='ltr'><strong>Augusti·</strong></span> <span class='ocrx_word' id='word_1_175' title='bbox 2817 4729 3131 4830; x_wconf 82' lang='lat' dir='ltr'><strong>proximo</strong></span> <span class='ocrx_word' id='word_1_176' title='bbox 3178 4725 3251 4806; x_wconf 66' lang='lat' dir='ltr'><strong>ih</strong></span> <span class='ocrx_word' id='word_1_177' title='bbox 3296 4731 3589 4832; x_wconf 87' lang='lat' dir='ltr'><strong>patriam</strong></span> 
     </span>
     <span class='ocr_line' id='line_1_21' title="bbox 884 4839 3282 4952; baseline 0.002 -29"><span class='ocrx_word' id='word_1_178' title='bbox 884 4847 1234 4924; x_wconf 84' lang='lat' dir='ltr'><strong>rediturus</strong></span> <span class='ocrx_word' id='word_1_179' title='bbox 1277 4839 1384 4924; x_wconf 67' lang='lat' dir='ltr'><strong>sit?</strong></span> <span class='ocrx_word' id='word_1_180' title='bbox 1408 4857 1583 4948; x_wconf 74' lang='lat' dir='ltr'><strong>post·</strong></span> <span class='ocrx_word' id='word_1_181' title='bbox 1607 4849 1911 4924; x_wconf 62' lang='lat' dir='ltr'><strong>aestivas</strong></span> <span class='ocrx_word' id='word_1_182' title='bbox 1947 4847 2150 4924; x_wconf 69' lang='lat' dir='ltr'><strong>ferias</strong></span> <span class='ocrx_word' id='word_1_183' title='bbox 2200 4849 2523 4926; x_wconf 73' lang='lat' dir='ltr'><strong>lectiones</strong></span> <span class='ocrx_word' id='word_1_184' title='bbox 2566 4863 2727 4927; x_wconf 75' lang='lat' dir='ltr'><strong>suas</strong></span> <span class='ocrx_word' id='word_1_185' title='bbox 2778 4852 3282 4952; x_wconf 65' lang='lat' dir='ltr'><strong>auspicatam.</strong></span> 
     </span>
    </p>

    <p class='ocr_par' dir='ltr' id='par_1_8' title="bbox 3202 4975 3245 5046">
     <span class='ocr_line' id='line_1_22' title="bbox 3202 4975 3245 5046; baseline 0 0"><span class='ocrx_word' id='word_1_186' title='bbox 3202 4975 3245 5046; x_wconf 85' lang='lat'>5</span> 
     </span>
    </p>
   </div>
  </div>
 </body>
</html>
