4942 6175
1795 784 2354 857 ORATIO.
3467 784 3599 853 158

559 997 779 1073 Estne
819 995 896 1071 in
943 994 1054 1070 his
1103 992 1460 1069 sordidum
1513 990 1814 1090 aliquid,
1874 993 1980 1068 vel
2027 992 2289 1070 humile
2305 996 2341 1070 Ρ
2408 996 2564 1069 Imo
2614 992 2986 1069 liberalitas
3003 1049 3026 1082 ‚
3088 1014 3361 1067 morum
3411 990 3601 1090 puri-

559 1124 672 1193 tas
687 1173 710 1205 ,
780 1115 964 1191 vitae
1023 1123 1098 1190 et
1152 1114 1324 1191 artis
1384 1112 1744 1189 sanctitas!
1817 1113 2106 1189 Petrum
2149 1123 2221 1189 et
2269 1123 2505 1190 nostra
2552 1122 2743 1189 aetas
2793 1112 2883 1187 de
2933 1109 3043 1187 his
3091 1109 3392 1189 detraxit
3413 1172 3435 1202 ‚
3488 1111 3603 1187 vix

562 1236 948 1335 quidquam
1006 1233 1279 1311 addidit
1293 1292 1316 1323 ,
1378 1257 1602 1332 quum
1654 1231 2023 1309 formulam
2085 1234 2258 1309 iuris
2329 1233 2604 1309 iurandi
2622 1292 2645 1323 ,
2709 1233 2899 1333 quod
2952 1232 3171 1309 nostri
3217 1231 3603 1307 medicinae

565 1356 882 1431 doctores
925 1354 1145 1429 futuri
1192 1352 1437 1428 darent
1453 1409 1476 1440 ,
1524 1350 1988 1427 concinnavit!

660 1476 772 1550 Ex
819 1473 1108 1573 antiqua
1159 1480 1394 1547 autem
1451 1469 1874 1545 medicorum
1917 1470 2169 1571 stirpe,
2217 1472 2408 1571 apud
2448 1495 2663 1571 quam
2692 1470 3075 1547 venerabile
3112 1470 3290 1548 illud
3328 1469 3603 1545 virtutis

568 1604 644 1669 et
693 1618 964 1670 morum
1013 1589 1432 1690 integritatis
1476 1598 2012 1665 monumentum
2059 1589 2326 1665 exstitit
2345 1649 2367 1679 ‚
2416 1589 2673 1689 prodiit
2720 1591 3219 1691 Hippocratae,
3268 1588 3357 1661 de
3404 1589 3607 1664 cuius

567 1714 710 1789 vita
753 1722 826 1787 et
871 1719 1020 1786 arte
1065 1708 1398 1785 nonnulla
1447 1708 1772 1808 deinceps
1819 1708 2180 1808 proferam.
2534 1746 2539 1753 ·

665 1830 778 1904 De*
837 1828 966 1903 viri
1019 1826 1159 1903 vita
1177 1883 1200 1916 ‚
1247 1825 1576 1925 inquam3
1625 1825 1770 1900 imo
1823 1826 2066 1902 vellem
2123 1852 2237 1902 me
2289 1827 2459 1902 certi
2501 1827 2765 1928 aliquid
2818 1827 2906 1902 de
2960 1852 3044 1904 ea
3083 1827 3355 1903 tradere
3390 1850 3613 1927 posse.

573 1948 942 2026 Habemus
1003 1947 1189 2022 inter
1249 1943 1461 2021 libros
1499 1944 1603 2021 illi
1644 1944 1945 2021 tributos
1985 1946 2230 2023 seriem
2279 1948 2726 2047 epistolarum
2780 1946 2871 2024 ab
2925 1946 3080 2047 ipso
3121 1953 3193 2020 et
3246 1945 3337 2021 ad
3384 1944 3619 2044 ipsum

573 2077 646 2147 et
696 2069 786 2144 de
829 2068 984 2156 illo,
1034 2066 1142 2142 uti
1189 2064 1422 2140 fermit
1469 2064 1656 2140 tituli
1673 2122 1696 2154 ,
1749 2065 2184 2165 scriptarum.
2281 2066 2547 2143 Verum
2588 2067 2663 2142 in
2709 2067 2817 2141 his
2860 2065 3187 2143 omnibus
3233 2075 3305 2140 et
3344 2065 3420 2140 in
3470 2064 3622 2141 eius

579 2189 720 2265 vita
783 2185 1166 2263 secundum
1245 2184 1585 2261 Soranum
1648 2209 1789 2263 non
1854 2186 1990 2260 nisi
2044 2190 2350 2283 μύθους
2411 2187 2845 2285 possidemus
2865 2246 2885 2277 ,
2952 2211 3181 2287 neque
3238 2186 3625 2285 quidquam

580 2309 722 2385 fere
763 2308 874 2383 his
913 2308 1132 2394 inest,
1181 2305 1371 2404 quod
1407 2329 1548 2380 non
1588 2304 1680 2379 sit
1715 2306 1982 2381 fictum.
2083 2307 2296 2385 Quod
2336 2307 2622 2407 quidem
2662 2307 3135 2382 demonstrare
3174 2306 3625 2405 supersedeo,

581 2428 748 2528 quia
812 2426 1084 2502 dudum
1140 2425 1322 2499 inter
1379 2423 1829 2525 Hippocratis
1893 2425 2238 2501 studiosos
2289 2424 2376 2501 de
2418 2426 2529 2500 his
2572 2425 2781 2526 nugis
2831 2425 3135 2502 anilibus
3182 2425 3631 2525 repudiandis

579 2547 920 2623 convenit.

679 2668 896 2742 Fama
941 2673 1050 2740 est
1093 2663 1284 2764 apud
1335 2662 1660 2762 antiquos
1699 2662 2200 2764 Hippocratem
2250 2688 2485 2739 senem
2504 2644 2555 2753 ,⁵
2592 2664 3142 2763 nonagenarium
3164 2722 3185 2753 ,
3236 2665 3407 2763 quin
3452 2665 3635 2741 ultra

587 2787 775 2861 diem
831 2785 1086 2861 obiisse
1150 2806 1574 2884 supremum.
1675 2783 1738 2855 E
1795 2781 2096 2857 locorum
2145 2781 2222 2855 in
2273 2782 2777 2881 epidemiorum
2821 2791 2895 2858 et
2949 2784 3351 2858 morborum
3399 2785 3638 2885 singu·

587 2906 835 2981 larium
895 2901 1472 3003 descriptionibus
1524 2900 1885 2978 obviorum
1941 2899 2343 2976 nominibus
2391 2902 2609 3000 liquet
2656 2927 2820 2978 eum
2864 2902 3081 2978 fuisse
3123 2903 3639 3006 περιοδευτήν,

463 3105 472 3112 ,
587 3050 732 3102 non
795 3032 1130 3126 perpetuo
1203 3046 1345 3100 uno
1409 3022 1558 3098 loco
1575 3079 1598 3112 ,
1669 3012 1792 3096 sed
1859 3021 2022 3097 locis
2083 3021 2369 3098 diversis
2424 3022 2499 3098 in
2558 3024 2849 3099 Graecia
2908 3023 3051 3099 fere
3106 3032 3329 3101 artem
3380 3026 3644 3104 fecisse.

591 3147 702 3220 Ex
765 3169 970 3244 opere
1028 3143 1118 3218 de
1185 3148 1379 3233 aero,
1449 3142 1649 3242 aquis
1669 3201 1690 3232 ‚
1761 3142 1927 3217 locis
1992 3151 2185 3242 patet
2245 3167 2406 3219 eum
2460 3144 2675 3219 fuisse
2736 3147 3317 3246 πολύπλαγκτον
3336 3205 3356 3238 ,
3406 3146 3649 3222 orbem

595 3266 962 3362 antiquum
1019 3262 1160 3337 fere
1215 3270 1442 3337 totum
1498 3287 1658 3338 eum
1708 3287 2108 3363 peragrasse
2126 3323 2148 3353 ‚
2210 3264 2401 3362 quod
2447 3289 2531 3338 eo
2574 3265 2859 3340 consilio
2914 3265 3155 3342 fecisse
3206 3267 3478 3342 videtur
3492 3325 3513 3356 ,
3564 3277 3647 3342 ut

593 3393 918 3461 naturam
962 3389 1034 3456 et
1074 3381 1428 3457 hominem
1465 3381 1542 3456 in
1585 3383 1988 3483 regionibus
2037 3381 2322 3458 diversis
2359 3383 2771 3462 observaret.
2839 3387 3050 3461 Plura
3074 3417 3079 3420 ·
3103 3411 3241 3462 non
3305 3387 3646 3464 novimus.

597 3505 707 3580 De
754 3502 881 3578 viri
919 3500 1357 3576 institutione
1375 3559 1396 3590 ,
1445 3499 2012 3602 praeceptoribus
2055 3524 2196 3575 non
2235 3509 2527 3578 constat.
2630 3504 2812 3581 Quis
2859 3504 3069 3580 fuerit
3087 3565 3108 3594 ,
3160 3506 3331 3604 quid
3377 3505 3648 3597 fecerit,

599 3649 684 3700 ex
729 3624 878 3698 eius
923 3620 1248 3721 operibus
1297 3645 1536 3696 eruere
1580 3629 1889 3719 oportet3
1943 3620 2066 3695 sed
2119 3619 2366 3697 horum
2406 3622 2611 3720 longe
2649 3623 2953 3698 maxima
2991 3649 3151 3723 pars
3192 3625 3417 3724 periit.
3483 3627 3647 3700 Non

606 3749 982 3842 supersunt
1002 3798 1022 3829 ,
1095 3740 1232 3814 nisi
1298 3740 1686 3840 fragmenta
1755 3741 2087 3816 nonnulla
2105 3799 2126 3830 ,
2183 3765 2407 3839 quae,
2457 3765 2677 3840 quum
2725 3766 2947 3842 pauca
2978 3743 3155 3831 sint,
3206 3744 3645 3823 enumerabo.

602 3864 714 3937 De
797 3885 874 3935 re
957 3859 1354 3935 obstetricia
1432 3868 1505 3934 et
1571 3859 1942 3935 mulierum
2003 3860 2264 3936 morbis
2326 3861 2386 3935 si
2459 3861 2632 3960 quid
2707 3860 2874 3936 olim
2952 3861 3227 3963 scripsit
3244 3920 3263 3952 ,
3332 3862 3649 3940 relictum

605 3989 715 4057 est
768 3979 965 4055 nihil.
1087 3980 1198 4053 De
1267 3979 1394 4053 viri
1462 3978 1866 4078 chirurgicis
1938 3979 2226 4056 unicum
2299 3979 2767 4080 fragmentum
2788 4039 2809 4070 ,
2884 3982 3007 4056 sed
3074 3983 3242 4058 satis
3314 4007 3650 4083 magnum

611 4109 924 4199 superest
985 4097 1074 4173 de
1143 4098 1391 4197 capitis
1434 4097 1858 4175 vulneribus.
1954 4098 2320 4174 Probabile
2366 4107 2475 4174 est
2527 4100 2899 4176 semeiotici
2944 4101 3171 4200 operis
3215 4103 3399 4177 locos
3442 4128 3649 4202 quos-

616 4221 772 4297 dam
807 4242 973 4294 cum
1018 4216 1398 4294 alienorum
1441 4243 1731 4318 operum
1761 4217 2068 4317 reliquiis
2097 4220 2495 4294 commistos
2518 4245 2669 4294 esse
2693 4229 3015 4296 servatos.
3065 4221 3433 4297 Habemus
3457 4248 3659 4323 porro

613 4337 1192 4416 introductionem
1267 4339 1338 4413 in
1405 4362 1584 4438 opus
1641 4363 1969 4438 magnam
2028 4347 2295 4437 partem
2339 4339 2778 4438 deperditum
2800 4399 2820 4430 ,
2867 4366 3007 4439 quo
3060 4341 3147 4416 de
3194 4344 3384 4417 omni
3434 4343 3655 4418 victus

617 4459 880 4534 ratione
901 4515 921 4546 ,
992 4481 1170 4556 quae
1235 4456 1585 4556 therapeia
1655 4455 1758 4530 illi
1814 4464 1962 4531 erat
1979 4514 2000 4545 ‚
2063 4456 2137 4530 in
2199 4456 2460 4531 morbis
2512 4460 2734 4534 acutis
2796 4461 3136 4560 exposuit.
3235 4462 3419 4534 Dein
3477 4486 3655 4560 opus

624 4578 714 4653 de
756 4587 914 4654 aere
936 4635 959 4667 ,
1017 4579 1216 4676 aquis
1259 4587 1334 4651 et
1375 4577 1542 4652 locis
1562 4635 1583 4664 ,
1633 4575 1833 4650 cuius
1877 4600 1918 4648 e
1959 4576 2191 4650 media
2237 4585 2432 4677 parte
2478 4579 2693 4677 ampli
2740 4586 2810 4653 et
2852 4579 3093 4677 magni
3136 4580 3473 4655 momenti
3528 4582 3660 4657 loci

629 4698 984 4774 deficiunt.
1116 4698 1436 4796 Denique
1485 4704 1864 4795 supersunt
1923 4694 2414 4795 descriptiones
2490 4699 2887 4775 morborum
2945 4699 3447 4800 epidemiorum
3491 4728 3663 4802 qua-

627 4827 788 4894 tuor
804 4877 826 4907 ,
901 4817 1356 4919 singularium
1422 4814 1880 4915 quadraginta
1938 4817 2138 4892 duae.
2239 4817 2347 4891 En
2413 4819 2601 4917 quod
2665 4819 2756 4893 de
2810 4820 2937 4894 viri
2984 4821 3299 4922 longaevi
3344 4823 3670 4923 operibus

627 4939 974 5039 reliquum
1025 4946 1153 5015 est.
1253 4939 1613 5013 Praeterea
1657 4935 1870 5012 nihil!

3232 5068 3328 5141 20
