4942 6175
1374 633 1505 701 308
2392 633 2442 700 1.
2513 631 2566 699 Ι.
2635 627 3404 696 CORNELISSEN

1373 864 1531 916 rum
1596 838 1897 941 populus
1964 836 2129 912 vivit
2198 836 2519 936 vigetque
2539 895 2560 926 ,
2625 835 2964 936 quamdiu
3031 835 3242 934 pollet
3303 833 3556 934 opibus
3605 841 3678 909 et
3731 843 4072 934 potestate
4093 893 4113 924 ,
4179 835 4417 911 literae

1372 982 1653 1060 quoque
1710 959 1946 1058 vigent
1992 981 2073 1032 ac
2120 956 2405 1045 florent,
2456 963 2530 1030 at
2577 955 3038 1030 deflorescunt
3087 963 3158 1030 et
3209 962 3717 1043 emarcescunt,
3779 955 4068 1058 simulac
4117 955 4414 1054 populus

1376 1103 1617 1156 verum
1682 1077 2087 1177 sanguinem
2164 1101 2244 1151 ac
2315 1074 2637 1174 spiritum
2709 1074 3028 1150 amittere
3087 1074 3349 1174 incipit.
3450 1073 3566 1148 Ab
3616 1073 3766 1173 ipsa
3807 1075 4062 1150 amissa
4101 1073 4412 1150 libertate

1372 1201 1539 1276 haec
1608 1196 2000 1297 depravatio
2071 1194 2350 1269 initium
2430 1194 2702 1269 sumsit.
2802 1194 3182 1292 Postquam
3257 1193 3545 1267 Graecia
3613 1191 3860 1292 iugum
3927 1193 4410 1269 dominationis

1368 1317 1855 1394 Macedonicae
1915 1315 2177 1414 accepit
2196 1372 2217 1403 ,
2282 1314 2546 1414 ingenii
2594 1315 2826 1389 lumen
2875 1314 3295 1388 exstinctum
3347 1319 3493 1400 est,
3559 1311 3774 1386 animi
3821 1312 3996 1387 vires
4039 1312 4407 1388 exhaustae

1364 1447 1528 1514 sunt
1551 1495 1571 1526 ,
1620 1435 1851 1512 omnia
1896 1435 2091 1510 senio
2140 1435 2453 1532 quodam
2501 1442 2884 1534 torpescere
2931 1433 3272 1508 videntur.
3369 1431 3533 1528 'Una
3585 1457 3746 1510 cum
3802 1432 4118 1508 libertate
4165 1435 4404 1508 mentis

1301 1592 1311 1617 =
1362 1555 1658 1634 sollertia
1724 1580 2004 1652 quoque
2065 1563 2137 1629 et
2190 1553 2604 1652 excogitatio
2683 1560 3132 1628 evanuerunt.
3233 1553 3328 1626 Et
3387 1550 3712 1626 acerbum
3773 1552 4052 1651 quidem
4109 1552 4400 1628 dolorem

1361 1677 1775 1774 accipimus,
1824 1673 2131 1748 taedium
2177 1683 2248 1748 et
2298 1698 2556 1749 nausea
2603 1699 2730 1748 nos
2774 1683 3004 1763 tenet,
3056 1698 3278 1773 quum
3325 1673 3678 1748 ardentem
3727 1672 3913 1748 illam
3963 1672 4227 1772 ingenii
4273 1673 4400 1746 vim

1360 1794 1651 1894 frigidae
1698 1791 2263 1890 contemplationi
2316 1793 2545 1868 locum
2595 1818 2804 1868 suum
2851 1793 3093 1868 cedere
3145 1793 3480 1866 videmus.

1461 1910 1607 1994 Qui
1671 1914 1857 1988 enim
1920 1919 2076 2012 post
2136 1912 2462 1988 amissam
2525 1912 2920 1988 libertatem
2967 1912 3332 2012 scriptores
3384 1911 3802 1986 exstiterunt
3841 1909 3976 2011 ipsi
4023 1911 4199 1986 nihil
4247 1913 4398 1988 novi

1362 2041 1715 2109 crearunt:
1777 2032 2266 2120 aedificarunt,
2336 2041 2415 2106 ut
2460 2032 2560 2107 ita
2607 2032 2834 2108 dicam
2855 2090 2875 2121 ,
2929 2058 3014 2106 ex
3069 2032 3398 2107 materiae
3438 2031 3636 2129 copia
3656 2087 3676 2118 ,
3729 2031 3941 2130 qiram
3993 2031 4282 2106 maiores
4323 2031 4399 2105 iis

1362 2154 1805 2252 reliquerant.
1908 2153 2008 2225 Ut
2058 2153 2132 2226 in
2182 2151 2391 2228 rebus
2442 2151 2762 2228 civilibus
2805 2153 3036 2228 omnia
3085 2153 3290 2226 unius
3337 2151 3668 2252 principis
3717 2150 4005 2250 imperio
4046 2176 4127 2226 ac
4171 2151 4402 2227 ditioni

1360 2274 1672 2348 subiecta
1730 2279 1962 2361 erant,
2031 2271 2129 2347 sic
2173 2271 2558 2346 humanum
2607 2271 2968 2370 ingenium
3015 2296 3292 2371 qnoque
3345 2269 3438 2346 ad
3483 2270 3832 2359 alienum,
3884 2294 4023 2345 non
4066 2269 4158 2345 ad
4207 2295 4399 2345 suum

1356 2393 1733 2470 arbitrium·
1784 2390 2075 2467 vivebat.
2204 2391 2378 2465 Tam
2424 2390 2792 2490 diligenter
2843 2399 3010 2467 tunc
3061 2391 3424 2490 scriptores
3473 2391 3816 2465 maiorum
3859 2391 4107 2465 scrinia
4155 2391 4398 2489 compi-

1356 2514 1633 2602 labant,
1706 2518 1784 2586 ut
1849 2511 2036 2610 ipsas
2097 2510 2470 2586 sententias
2515 2520 2590 2586 et
2641 2512 2944 2611 cogitata
2987 2511 3080 2586 ad
3129 2511 3404 2586 illorum
3455 2509 3850 2608 exemplum
3907 2509 4178 2585 minute
4228 2536 4398 2585 com-

1356 2638 1710 2732 ponerent.
1812 2631 2058 2709 Quid?
2127 2631 2316 2729 quod
2370 2657 2452 2706 eo
2525 2632 2838 2707 studium
2881 2631 3212 2707 serviliter
3257 2629 3489 2705 omnia
3531 2628 3858 2704 imitandi
3901 2630 4283 2730 processit,
4333 2639 4403 2704 ut

1359 2752 1566 2826 verba
1634 2749 1841 2825 etiam
1914 2749 2393 2848 scribendique
2462 2776 2684 2850 genus
2755 2777 2838 2826 ex
2903 2752 3040 2827 illis
3112 2751 3475 2826 desumere
3541 2749 3861 2825 solerent.
3976 2748 4168 2827 Quia
4227 2749 4402 2824 enim

1360 2895 1583 2946 sermo
1638 2871 1989 2970 popularis
2038 2870 2512 2947 incredibilem
2557 2873 2630 2946 in
2681 2872 2970 2947 modum
3015 2878 3380 2971 corruptus
3428 2876 3579 2945 erat
3627 2895 3707 2944 ac
3753 2867 4201 2966 depravatus,
4253 2867 4402 2967 quia

1353 2990 1683 3067 barbarae
1748 3016 1943 3066 voces
2010 3000 2082 3065 et
2144 2991 2526 3068 soloecismi
2571 2993 2880 3093 undique
2934 2993 3398 3092 irrepserant,
3451 2990 3932 3091 petierantque
3985 2988 4218 3064 nativa
4249 3005 4399 3063 'ora-

1354 3112 1562 3186 tionis
1635 3112 1891 3187 sanitas
1958 3120 2029 3187 et
2088 3113 2467 3212 elegantia,
2530 3112 2895 3213 scriptores
2963 3114 3052 3189 ad
3127 3138 3278 3187 eam
3348 3111 3658 3211 linguam
3723 3109 4201 3198 recurrebant,
4275 3134 4402 3207 qua

1356 3230 1563 3329 prisci
1623 3230 1938 3303 homines
2005 3231 2115 3305 usi
2185 3240 2416 3319 erant,
2494 3240 2662 3307 tunc
2729 3232 3016 3331 quidem
3081 3231 3380 3306 deletam
3447 3238 3658 3329 atque
3715 3230 4276 3316 intermortuam,
4329 3237 4398 3303 at

1358 3348 1557 3424 cuius
1624 3356 2075 3423 monumenta
2146 3348 2463 3448 quotidie
2528 3358 2690 3425 ante
2747 3351 2982 3425 oculos
3037 3348 3290 3425 habere
3345 3350 3680 3425 solebant.
3781 3348 3959 3423 Viva
4005 3374 4136 3424 vox
4177 3348 4399 3423 literae

1358 3476 1670 3543 mortuae
1732 3468 1961 3542 locum
2026 3466 2241 3545 dedit.
2342 3469 2555 3547 Quod
2623 3470 2788 3545 olim
2843 3469 3069 3545 fuerat
3119 3470 3332 3545 totius
3381 3469 3625 3569 populi
3675 3468 3935 3544 bonum
3961 3525 3981 3556 ,
4031 3470 4288 3544 sensim
4335 3470 4402 3542 in

1359 3612 1735 3687 paucorum
1776 3610 2024 3663 manus
2070 3596 2365 3662 venerat.
2484 3588 2648 3661 Non
2691 3589 3030 3687 amplius,
3085 3598 3163 3664 ut
3207 3590 3279 3664 in
3325 3589 3614 3687 antiqua
3661 3589 3988 3678 Graecia,
4039 3589 4272 3664 aditus
4319 3590 4403 3665 ad

1356 3709 1711 3783 literarum
1768 3715 2213 3781 monumenta
2273 3707 2535 3805 optimo
2595 3707 2846 3806 cuique
2905 3708 3230 3807 patebat,
3300 3732 3442 3783 non
3495 3707 3794 3806 amplius
3843 3708 4029 3783 enim
4075 3733 4300 3783 mores
4337 3718 4402 3781 et

1361 3826 1718 3925 ingenium
1769 3826 2009 3925 populi
2058 3826 2150 3901 ad
2192 3850 2427 3902 verum
2479 3852 2799 3927 expressa
2853 3827 3263 3903 reddebant.
3367 3828 3671 3902 Tantum
3727 3827 4000 3916 aberat,
4055 3838 4132 3903 ut
4185 3828 4404 3927 quivis

1362 3946 1570 4021 homo
1618 3944 1789 4019 liber
1836 3953 1907 4019 et
1951 3946 2297 4044 ingenuus
2340 3971 2504 4022 cum
2551 3970 2706 4023 vera
2763 3948 2977 4022 animi
3025 3947 3484 4024 oblectatione
3525 3947 3758 4023 literas
3808 3958 4097 4024 tractare
4136 3959 4401 4049 posset,

1364 4074 1446 4141 ut
1501 4064 1693 4139 haud
1750 4062 2001 4161 exigua
2068 4063 2415 4141 doctrinae
2476 4075 2548 4140 et
2603 4066 3012 4141 eruditionis
3079 4068 3276 4167 copia
3327 4068 3787 4167 requireretur
3831 4068 3922 4145 ad
3967 4075 4099 4144 eas‘
4122 4094 4401 4169 cognos-

1361 4184 1615 4260 cendas
1656 4189 1727 4258 et
1783 4183 2279 4282 percipiendas.
2380 4184 2572 4304 Hinc
2617 4186 2879 4261 factum
2921 4195 3067 4275 est,
3125 4198 3202 4261 ut
3247 4188 3481 4264 literae
3527 4214 3568 4264 a
3615 4190 3821 4289 vulgo
3867 4189 4226 4264 hominum
4259 4214 4400 4264 ma-

1356 4305 1467 4404 gis
1532 4302 1893 4401 magisque
1964 4304 2297 4379 alienatae
2368 4304 2528 4381 sint.
2627 4306 2861 4381 Flores
2913 4307 3098 4382 enim
3120 4364 3140 4395 ,
3210 4292 3422 4406 quos'
3463 4308 3876 4398 emiserunt,
3947 4334 4085 4385 non
4157 4318 4402 4384 natura

1361 4423 1732 4525 procreati,
1784 4423 1907 4498 sed
1952 4432 2097 4499 arte
2137 4422 2301 4499 facti
2344 4432 2562 4501 erant.
2665 4426 2764 4500 Ut
2808 4425 3224 4526 reipublicae
3269 4429 3772 4505 administratio
3803 4430 3938 4503 illis
3977 4428 4399 4528 temporibus

1359 4544 1447 4620 ab
1506 4544 1821 4619 omnium
1886 4542 2142 4619 civium
2195 4546 2691 4622 communitate
2743 4547 2814 4621 in
2865 4546 3258 4647 principum
3315 4548 3674 4624 secretiora
3721 4548 4038 4625 cubicula
4077 4548 4400 4623 translata

1357 4670 1499 4749 est,
1565 4662 1809 4737 eodem
1867 4687 2145 4761 prorsus
2212 4664 2421 4739 modo
2486 4664 2720 4741 literae
2742 4723 2762 4754 ,
2837 4690 2925 4741 ex
2975 4668 3366 4743 communis
3418 4668 3599 4745 vitae
3647 4669 3790 4745 sole
3837 4676 3910 4743 et
3959 4669 4240 4771 pulvere
4259 4726 4279 4757 ,
4325 4668 4394 4741 in

1356 4781 1656 4856 virorum
1706 4781 2066 4859 doctorum
2120 4784 2527 4861 umbracula
2568 4792 3021 4863 secesserunt.
