4942 6175
1796 712 2375 786 ORATIO..
3483 718 3612 786 14⁷

560 922 915 1000 veritatem
994 945 1229 1021 neque
1297 920 1511 996 unius
1580 921 1947 1020 temporis,
2018 945 2147 998 nee
2217 922 2353 1012 loei⁸
2423 922 2632 998 unius
2699 948 2850 998 esse
2921 923 3414 1024 perspiciamus
3437 983 3455 1014 ,
3527 934 3614 1000 ut

559 1042 971 1118 medicinam
992 1099 1015 1130 ,
1082 1065 1295 1141 quam
1348 1063 1537 1114 nune
1600 1041 1900 1116 maxime
1948 1049 2219 1141 specto,
2283 1040 2572 1116 diversis
2613 1043 3042 1143 temporibus
3087 1044 3354 1122 diverso
3403 1045 3612 1122 modo

562 1161 823 1238 cultam
892 1161 1149 1240 sensim
1218 1157 1617 1258 sensimque
1682 1161 2046 1236 increvisse
2114 1162 2463 1236 diseamus
2531 1162 2931 1261 lentamque
2987 1164 3062 1236 in
3141 1189 3226 1238 ea
3289 1189 3440 1240 esse
3517 1165 3612 1240 ad

560 1283 923 1358 veritatem
986 1279 1532 1382 progressionem
1552 1337 1575 1367 ‚
1640 1279 1813 1356 adeo
1868 1287 1947 1352 ut
1990 1280 2139 1354 iure
2192 1305 2234 1354 a
2281 1279 2814 1380 sapientioribus
2859 1291 2997 1356 tem
3002 1282 3190 1382 poris
3238 1284 3382 1360 filia
3425 1285 3613 1360 dieta

562 1401 655 1476 sit
710 1409 781 1477 et
846 1401 1113 1478 habita.
1205 1398 1436 1507 Quod·
1492 1396 1551 1471 si
1612 1406 1975 1474 teneamus
1994 1457 2013 1486 ‚
2082 1405 2547 1496 praestantem
2613 1401 2962 1478 neminem
3025 1425 3153 1478 nee
3215 1402 3424 1479 laude
3485 1427 3612 1480 sua

560 1520 1169 1607 defraudabimus·‚
1234 1542 1363 1592 nee
1429 1539 1636 1615 supra
1707 1517 1995 1592 modum
2052 1517 2461 1594 extollemus
2479 1573 2502 1605 ,
2571 1518 2714 1593 sive
2759 1519 3123 1596 nobiseum
3175 1521 3400 1612 vivat,
3463 1523 3612 1598 sive

559 1649 720 1716 ante
786 1639 1013 1715 multa
1070 1637 1341 1714 saecula
1406 1635 1689 1726 vixerit,
1760 1636 1883 1711 sed
1949 1636 2283 1712 artificem
2358 1645 2430 1712 et
2496 1635 2850 1714 eruditum
2919 1640 3302 1737 quemlibet
3369 1641 3606 1718 debito

559 1759 1085 1838 aestimabimus
1120 1758 1343 1858 pretio
1362 1815 1383 1846 ,
1433 1781 1661 1855 neque
1713 1783 1755 1832 a
1816 1781 2169 1856 quoquam
2218 1757 2764 1857 postulabimus,
2830 1757 2970 1838 nisi
3023 1759 3211 1857 quod
3259 1784 3385 1858 pro
3433 1767 3610 1836 tem-

558 1905 723 1980 pore
744 1935 765 1968 ,
834 1903 977 1978 quo
1048 1876 1328 1965 vixerit,
1400 1871 1745 1975 praestare
1816 1878 2153 1977 potuerit,
2224 1878 2726 1977 cuiuscumque
2789 1878 3076 1954 tandem
3137 1879 3282 1954 sive
3341 1880 3613 1979 gentis,

434 2036 446 2046 ·
562 2000 703 2076 sive
772 1997 1073 2098 regionis
1091 2056 1114 2087 ,
1182 2004 1317 2072 aut·
1368 1995 1498 2085 sit,
1565 2005 1689 2072 aut
1738 1997 1903 2072 olim
1954 1998 2184 2073 fuerit.
2285 1999 2484 2074 Haec
2532 1998 2816 2097 quidem
2866 1999 3378 2096 praemonenda
3425 2000 3610 2076 vide·

562 2121 818 2195 bantur
876 2127 1250 2216 antequam
1303 2116 1391 2190 de
1448 2139 1588 2214 qno
1639 2126 2052 2216 argumento
2106 2118 2285 2193 festo
2336 2118 2463 2194 hoc
2508 2118 2624 2192 die
2678 2117 2943 2216 aliquid
2991 2117 3066 2192 in
3117 2119 3428 2194 medium
3477 2119 3606 2194 sim

560 2240 955 2340 prolaturus
1020 2235 1216 2312 vobis
1278 2235 1757 2336 significarem.
1859 2236 2187 2312 Sensistis
2249 2237 2387 2312 iam
2446 2262 2534 2312 ex
2594 2237 2878 2312 historia
2926 2237 3096 2312 artis
3111 2291 3132 2326 ,
3185 2261 3396 2336 quam
3451 2261 3612 2337 pro-

560 2359 761 2434 fiteor
777 2417 797 2446 ,
850 2357 1209 2434 materiem
1252 2381 1367 2430 me
1408 2380 1559 2430 esse
1602 2361 2077 2454 sumpturum:
2144 2354 2646 2454 suspicamini,
2694 2395 2788 2416 -·
2827 2377 3058 2456 neque
3099 2357 3284 2432 enim
3331 2381 3611 2455 prorsus

564 2478 757 2553 vobis
828 2500 987 2552 snm
1045 2474 1443 2572 incognitus
1462 2532 1484 2561 ,
1550 2517 1649 2534 —-
1710 2497 1794 2548 ex
1842 2499 2008 2550 aevo
2052 2474 2341 2574 antiquo
2390 2499 2502 2551 me
2543 2475 2870 2551 orationis
2925 2483 3422 2575 argumentum
3459 2499 3608 2551 esse

564 2596 969 2697 petiturum.
1084 2593 1243 2666 Imo
1315 2615 1471 2667 vere
1540 2593 1889 2670 vaticinati
1954 2594 2125 2669 estis
2142 2628 2161 2683 ;
2230 2594 2458 2672 dinam
2524 2598 2609 2670 de
2665 2603 2890 2671 vetere
2949 2597 3281 2672 medicina
3343 2596 3609 2670 Graeca

564 2725 727 2793 ante
780 2723 1075 2792 aetatem
1126 2715 1661 2790 Alexandrinam
1685 2773 1705 2803 ,
1772 2714 1871 2788 ita
1923 2722 2003 2788 ut
2048 2714 2449 2812 praesertim
2501 2700 2956 2815 respondeam
3009 2714 3441 2814 quaestioni,
3493 2713 3618 2813 qui

564 2837 861 2925 fuerint,
912 2836 1033 2934 qui
1071 2833 1464 2933 antiquitus
1500 2834 1591 2908 de
1630 2834 1840 2910 rebus
1892 2833 2178 2908 medicis
2222 2834 2499 2934 egerint
2533 2842 2608 2909 et
2649 2858 2793 2933 quo
2858 2834 3070 2910 modo
3109 2834 3188 2908 in
3231 2835 3362 2910 hae
3407 2859 3618 2910 eausa

568 2956 709 3032 sint
759 2955 1027 3032 versati.

658 3075 995 3152 Pervenio
1064 3075 1203 3151 iam
1268 3073 1363 3150 ad
1430 3073 1629 3149 illum
1688 3073 2021 3151 orationis
2088 3072 2397 3173 legitime
2474 3073 2896 3151 distributae
2957 3075 3190 3151 locum
3213 3131 3232 3162 ,
3300 3098 3442 3173 quo
3491 3072 3616 3173 qui

562 3195 840 3296 publice
914 3194 1121 3271 verba
1181 3194 1386 3271 faeiat
1403 3251 1423 3283 ‚
1495 3192 1893 3269 auditorum
1957 3193 2510 3269 benevolentiam
2576 3195 2922 3296 imploret.
3053 3194 3236 3269 Sunt
3300 3192 3618 3269 nonnulli

564 3316 737 3391 adeo
794 3314 928 3391 sibi
978 3314 1409 3402 diffidentes,
1446 3321 1528 3389 ut
1565 3313 1727 3412 plus
1768 3312 2065 3405 fiduciae
2106 3338 2182 3389 se
2223 3338 2480 3413 ponere
2525 3314 2766 3391 dicant
2801 3317 2874 3389 in
2926 3314 3326 3390 auditorum
3370 3314 3612 3388 volun,-

566 3443 711 3511 tate
780 3460 993 3534 quam
1069 3436 1143 3509 in
1212 3434 1358 3510 suis
1414 3432 1557 3509 sive
1614 3433 2065 3509 facultatibus
2085 3492 2107 3524 ‚
2174 3434 2315 3509 sive
2389 3435 2672 3512 viribus.
2728 3460 2740 3467 ·
2783 3436 2974 3537 Ego,
3037 3436 3126 3511 A.
3183 3434 3312 3509 ΔΛ
3379 3442 3614 3532 aperte

442 3640 455 3651 ‚
566 3554 787 3630 dicam
858 3554 1225 3630 maximam
1288 3552 1615 3629 fiduciam
1668 3576 1857 3627 nune
1916 3577 1963 3627 a
2023 3577 2137 3627 me
2197 3553 2363 3651 poni
2422 3552 2497 3627 in
2547 3553 2675 3642 iis,
2743 3578 2924 3652 quae
2987 3551 3366 3627 meditatus
3410 3575 3564 3625 sum
3587 3606 3608 3638 ,

564 3684 939 3772 antequam
982 3673 1080 3748 ad
1129 3698 1247 3747 vos
1297 3674 1713 3750 aoeederem.
1814 3674 2093 3747 Partem
2148 3679 2381 3747 tamen
2424 3672 2722 3747 fiduciae
2765 3672 2838 3745 in
2885 3670 3081 3745 vobis
3134 3694 3413 3769 quoque
3457 3693 3608 3743 esse

564 3793 860 3891 positam
906 3792 1249 3891 profiteor.
1350 3791 1633 3890 Quippe
1672 3814 1797 3891 pet
1838 3792 2229 3867 orationum
2262 3791 2700 3885 rectoralium
2734 3791 2982 3890 viginti
3023 3789 3316 3865 duarum
3359 3788 3605 3864 seriem

564 3935 950 4011 numquam
996 3935 1117 3985 vos
1159 3910 1525 3985 benevolas
1568 3936 1771 3985 aures
1816 3910 2157 4010 denegare
2202 3910 2488 3985 memini
2532 3909 2672 3998 illi,
2703 3896 2848 4009 ‘qui
2889 3933 3174 3985 munere
3217 3909 3607 3985 aoademioo

563 4032 845 4109 iamiam
931 4030 1387 4107 defunc-‚turus
1456 4054 1579 4105 vos
1656 4030 1977 4131 appellet.
2097 4031 2347 4128 Itaque
2418 4054 2538 4105 vos
2616 4029 2816 4105 solito
2889 4038 3114 4105 vestro
3179 4052 3372 4103 more
3439 4028 3610 4105 mihi

565 4152 757 4229 brevi
801 4150 1115 4227 rectorali
1164 4151 1403 4227 futuro
1447 4175 1564 4227 ore
1608 4149 1999 4248 animisque
2042 4149 2301 4225 favete!

661 4274 849 4347 Fons
890 4272 1027 4347 nisi
1072 4272 1319 4347 uniens
1337 4329 1357 4361 ‚
1406 4278 1594 4347 eerte
1640 4268 2033 4345 uberrimus
2054 4326 2075 4359 ,
2125 4268 2313 4344 unde
2352 4267 2736 4344 medicinae
2777 4271 3080 4345 Graecae
3120 4268 3318 4345 initia
3353 4292 3604 4367 eogno-

569 4414 753 4467 soere
842 4390 1085 4480 detur,
1166 4396 1340 4465 sunt
1398 4390 1518 4465 illa
1584 4388 1841 4488 scripta
1859 4446 1880 4478 ,
1952 4412 2131 4486 quae
2208 4386 2415 4487 vulgo
2487 4387 2934 4487 Hippocratis
2998 4413 3208 4488 opera
3270 4387 3606 4477 audiunt3

568 4510 735 4585 setis
804 4516 968 4583 nota
1026 4515 1137 4585 res‘
1191 4516 1333 4599 est,
1402 4534 1485 4585 ea
1550 4533 1691 4584 non
1754 4532 1903 4583 esse
1968 4508 2177 4583 unius
2230 4507 2391 4596 viri,
2458 4508 2582 4583 sed
2635 4508 3096 4597 diversorum,
3144 4507 3268 4606 qui
3319 4506 3606 4581 diversis

567 4630 888 4705 vixerunt
948 4629 1393 4728 temporibus.
1495 4630 1596 4703 At
1656 4627 1901 4703 saltem
1956 4628 2383 4703 medieorum
2428 4627 2684 4728 seripta
2731 4652 2882 4703 esse
2925 4628 3065 4703 fere
3109 4633 3482 4727 putantur3
3533 4634 3606 4701 et

565 4757 799 4825 tamen
863 4749 991 4848 qui
1044 4748 1145 4823 ita
1200 4748 1599 4823 existimant
1665 4770 2083 4848 magnopere
2136 4746 2502 4837 falluntur3
2567 4770 2729 4823 nam
2778 4748 2966 4823 haud
3005 4771 3216 4847 parva
3262 4770 3422 4845 pars
3467 4770 3604 4821 non

568 4870 852 4945 medicis
920 4867 1254 4959 debetur,
1324 4869 1449 4945 sed
1511 4866 1863 4969 sophistis.
1962 4869 2073 4943 De
2138 4868 2399 4967 quibus
2457 4868 2762 4968 primum
2821 4867 3090 4974 aliquid
3131 4866 3406 4962 dicam,
3465 4890 3604 4941 non

3159 4986 3304 5062 19*
