4942 6175
1338 661 1501 730 ·312
2393 663 2441 725 1.
2515 662 2565 728 1.
2635 658 3404 728 CORNELLSSEN

1369 877 1603 958 erant,
1656 869 1820 944 vitio
1870 877 2097 944 tamen
2124 927 2142 956 ,
2193 891 2333 967 quo
2380 866 2616 940 omnia
2665 867 2926 966 ingenii
2974 867 3266 943 humani
3310 889 3518 966 opera
3564 865 3992 966 temporibus
4043 867 4176 942 illis
4227 867 4410 944 labo-

1366 989 1632 1065 rabant.
1760 987 2033 1064 Etenim
2116 987 2429 1062 omnium
2505 987 2902 1086 peritissimi
2990 998 3157 1062 tunc
3235 987 3550 1063 homines
3634 993 3830 1062 erant
3915 987 4226 1085 singulas
4311 1013 4414 1062 res

1368 1111 1637 1185 minute
1679 1117 1749 1184 et
1796 1107 2147 1184 subtiliter
2188 1107 2568 1206 indagandi
2619 1117 2688 1180 et
2733 1106 3141 1206 colligendi,
3211 1107 3336 1180 sed
3393 1106 3628 1180 deerat
3689 1106 3776 1180 iis
3843 1107 4096 1182 mentis
4156 1107 4256 1180 vis
4304 1107 4412 1182 ills

1366 1239 1577 1330 atque
1647 1229 2008 1304 efficacitas
2030 1287 2049 1316 ,
2126 1227 2381 1326 quibus
2450 1227 2732 1302 collecta
2797 1226 3102 1300 sollerter
3165 1235 3238 1300 et
3299 1226 3654 1326 ingeniose
3717 1237 4228 1326 componerent.
4301 1228 4412 1302 In·

1370 1359 1651 1449 gentem
1704 1349 2030 1423 materiae
2066 1347 2333 1446 copiam
2382 1346 2624 1421 sedulo
2663 1346 3156 1421 coacervabant
3175 1404 3195 1434 ,
3249 1346 3374 1420 sed
3401 1345 3798 1420 nesciebant
3821 1346 4026 1421 inerti
4051 1344 4373 1420 materiae
4391 1405 4412 1433 ,

1368 1476 1449 1542 ut
1513 1469 1611 1542 ita
1678 1468 1943 1556 dicam,
1994 1468 2297 1542 animam
2345 1466 2731 1541 infundere.
2833 1467 2918 1540 In
2975 1467 3220 1565 quovis
3270 1464 3670 1564 disciplinae
3715 1490 3965 1565 genere
4022 1465 4192 1540 haec
4247 1466 4410 1540 ratio

1366 1595 1575 1686 atque
1651 1587 2003 1662 inclinatio
2068 1587 2391 1661 cernitur.
2509 1585 2951 1684 Ubicumque
3019 1585 3362 1686 praevalet
3431 1584 3742 1659 studium
3821 1584 4186 1682 multiplici
4255 1583 4408 1658 doc-

1366 1707 1549 1781 trina
1616 1707 1937 1805 variaque
2008 1707 2395 1780 eruditione
2460 1731 2536 1778 se
2601 1705 2912 1780 ornandi.
3015 1705 3249 1780 Multa
3313 1704 3436 1777 viri
3495 1703 3678 1778 docti
3735 1727 4135 1802 excerpere,
4201 1703 4412 1776 multa

1366 1827 1573 1901 etiam
1640 1827 2007 1924 compilare
2060 1825 2411 1912 solebant,
2483 1824 2608 1898 sed
2673 1824 2907 1900 deerat
2957 1825 3044 1899 iis
3096 1825 3455 1922 ingeniosa
3497 1823 3802 1897 inventio
3851 1833 3924 1897 et
3976 1823 4398 1920 excogitatio.

1460 1945 1823 2020 Variorum
1894 1945 2303 2044 populorum
2372 1968 2598 2018 mores
2657 1953 2727 2017 et
2793 1945 3008 2032 ritus,
3059 1945 3378 2019 instituta
3428 1951 3496 2018 et
3539 1943 3726 2040 leges
3771 1942 4014 2018 sedulo
4056 1942 4407 2016 tradeban-

1362 2073 1513 2154 tur,
1566 2065 1689 2140 sed
1744 2089 1882 2138 non
1943 2073 2081 2138 tam
2139 2062 2273 2137 late
2326 2064 2556 2162 patuit
2609 2063 2906 2138 virorum
2969 2042 3325 2138 doctorum
3375 2063 3773 2161 ingenium,
3823 2064 4018 2138 utin
4073 2088 4216 2138 uno
4259 2087 4410 2137 con-

1363 2193 1603 2285 spectu
1648 2191 1983 2284 ponerent
2030 2184 2285 2258 omnia.
2386 2182 2697 2258 Fabulae
2751 2183 2841 2258 ad
2889 2183 3383 2283 mythologiam
3429 2183 3856 2282 pertinentes
3897 2182 4414 2282 colligebantur,

1360 2305 1449 2379 ad
1514 2313 1733 2380 certas
1803 2305 2099 2378 rationes
2166 2304 2584 2402 compositae
2646 2305 2715 2377 in
2779 2329 3028 2403 corpus
3087 2303 3615 2405 redigebantur,
3687 2303 3810 2376 sed
3861 2327 4066 2376 nemo
4117 2302 4409 2389 exstitit,

1362 2424 1483 2523 qui
1528 2424 1833 2499 sollerter
1878 2449 1995 2498 eas
2044 2434 2114 2498 et
2162 2433 2365 2498 acute
2418 2424 2810 2523 explicaret.
2915 2422 3415 2522 chronologiae
3465 2422 3776 2500 studium
3831 2421 4206 2496 laetissima
4241 2422 4415 2520 cepit

1360 2544 1817 2633 incrementa,
1849 2569 1957 2618 res
1982 2551 2219 2643 gestae
2256 2568 2534 2618 summa
2568 2544 2928 2643 diligentia
2951 2542 3504 2630 annotabantur;
3542 2549 3846 2617 attamen
3873 2566 4078 2616 nemo
4101 2541 4414 2616 historiae

1362 2665 1595 2740 studio
1637 2665 1736 2739 ita
1776 2688 1849 2738 se
1891 2663 2121 2752 dedit,
2166 2672 2245 2737 ut
2274 2664 2772 2751 consideraret,
2804 2663 2976 2762 quid
3004 2671 3188 2738 esset
3213 2663 3344 2737 iter
3371 2685 3597 2736 rerum
3621 2721 3640 2750 ,
3673 2685 3990 2760 quaeque
4015 2643 4412 2760 progressio.

1362 2786 1591 2858 Nemo
1655 2783 2241 2858 continuationem
2310 2784 2694 2882 seriemque
2753 2790 3152 2858 eventorum
3209 2781 3791 2880 persequebatur,
3847 2805 4052 2856 nemo
4103 2783 4411 2876 videbat,

1364 2904 1711 3003 quomodo
1757 2903 1891 2977 alia
1937 2928 2018 2977 ex
2074 2903 2225 2976 aliis
2278 2926 2455 2977 nexa
2499 2911 2570 2976 et
2615 2903 2846 2977 omnia
2897 2903 3078 2978 inter
3125 2927 3200 2976 se
3249 2910 3413 3000 apta
3455 2911 3690 2976 essent
3731 2908 3804 2976 et
3845 2901 4188 3000 colligata.

1460 3025 1739 3101 Etenim
1786 3022 2191 3099 refrixerant
2212 3023 2480 3115 ,fervidi
2521 3023 2782 3124 ingenii
2825 3023 3012 3099 calor
3053 3030 3124 3099 et
3164 3023 3510 3122 impetus,
3561 3020 3838 3098 animus
3884 3029 3956 3095 et
4003 3045 4250 3095 sensus
4289 3019 4414 3094 vim

1364 3170 1562 3220 suam
1600 3146 1995 3219 amiserant.
2050 3144 2430 3231 Homines,
2481 3168 2698 3243 quum
2741 3143 2830 3217 ad
2869 3142 2943 3216 id
2977 3144 3199 3217 solum
3235 3142 3690 3241 cogitationes
3721 3166 3880 3216 suas
3909 3151 4410 3228 converterent,

1364 3265 1551 3362 quod
1596 3263 1727 3338 sub
1770 3264 2083 3337 omnium
2132 3264 2367 3337 oculos
2408 3264 2722 3350 caderet,
2772 3265 3004 3338 omnia
3049 3262 3336 3338 consilia
3379 3261 3698 3361 factaque
3740 3288 3868 3337 sua
3921 3262 4012 3337 ad
4059 3263 4234 3337 vitae
4281 3263 4409 3335 uti-

1364 3383 1629 3457 litatem
1674 3382 1969 3481 dirigere
2021 3381 2353 3456 solebant.
2440 3382 2614 3457 'Hac
2652 3383 2800 3481 ipsa
2849 3383 2939 3456 de
2989 3406 3194 3457 causa
3237 3380 3765 3470 mathematica,
3809 3382 4096 3481 physica
4127 3392 4412 3457 ceterae·

1365 3526 1503 3600 que
1564 3502 1999 3600 disciplinae,
2070 3526 2247 3600 quae
2312 3510 2597 3577 naturae
2661 3503 3187 3602 investigatione
3247 3500 3726 3589 continentur,
3795 3526 4070 3577 summo
4127 3511 4294 3576 tunc
4347 3502 4412 3577 in

1366 3620 1620 3696 honore
1674 3620 2110 3695 habebantur
2130 3680 2149 3710 ,
2202 3622 2758 3721 altissimumque
2811 3622 3170 3723 dignitatis
3219 3622 3514 3721 gradum
3573 3631 3980 3697 consecutae
4031 3632 4198 3696 sunt
4247 3625 4331 3714 ¹).

1462 3740 1658 3815 Haec
1723 3740 1938 3839 igitur
2004 3750 2395 3840 temporum
2468 3743 2744 3817 illorum
2807 3742 3159 3817 inclinatio
3227 3742 3298 3815 in
3371 3740 3724 3815 literarum
3775 3766 4056 3840 quoque
4111 3742 4412 3815 studium

1366 3857 1503 3933 vim
1556 3882 1753 3933 suam
1814 3859 2141 3933 exercuit.
2268 3860 2472 3933 Docti
2527 3859 2624 3932 illi
2672 3858 3126 3933 Alexandrini
3169 3882 3448 3934 summo
3504 3860 3735 3935 labore
3777 3861 4052 3960 singula
4097 3861 4302 3935 verba
4351 3868 4417 3933 et

1368 3978 1742 4053 sententias
1816 3979 2187 4053 consectati
2268 3988 2451 4054 sunt.
2575 3978 2940 4053 Librorum
2987 3980 3281 4078 angulos
3328 3980 3436 4054 vel
3480 3980 4064 4055 reconditissimos
4111 4004 4412 4079 perscru-

1367 4097 1535 4185 tati,
1584 4096 1969 4171 incredibili
2028 4121 2245 4195 paene
2304 4098 2664 4197 diligentia
2718 4098 3128 4172 immensam
3177 4110 3678 4195 congesserunt
3727 4100 4216 4199 supellectilem
4275 4099 4414 4175 lite-

1365 4217 1650 4303 rariam,
1702 4216 1823 4290 sed
1878 4240 2015 4289 non
2069 4240 2149 4289 eo
2199 4220 2528 4317 processit
2580 4242 2817 4292 eorum
2865 4218 3246 4306 industria,
3299 4227 3381 4294 ut
3427 4228 3730 4294 mentem
3781 4219 4190 4319 scriptorum
4237 4244 4412 4293 asse-

1369 4336 1489 4435 qui
1540 4344 1969 4410 conarentur.
2072 4336 2169 4410 Ut
2214 4346 2471 4412 veteres
2519 4338 2880 4437 scriptores
2936 4338 3214 4436 penitus
3263 4347 3757 4437 cognoscerent
3804 4348 3875 4412 et
3921 4337 4414 4437 intelligerent,

1368 4456 1807 4531 membratim
1868 4455 2009 4529 fere
2059 4456 2349 4531 dixerim
2400 4482 2519 4531 eos
2569 4458 3004 4533 dissecabant
3049 4466 3120 4533 et
3164 4457 3612 4547 dividebant,
3665 4467 4025 4556 tamquam
4077 4482 4202 4555 per
4258 4483 4414 4533 ana·

1368 4576 1651 4649 tomiam
1726 4600 1843 4650 eos
1914 4577 2264 4676 explorare
2340 4577 2740 4654 studebant.
2863 4578 3002 4652 Sed
3069 4577 3468 4653 nesciebant
3549 4579 3900 4653 literarum
3971 4586 4415 4651 monumenta

1442 4834 1484 4905 ¹)
1539 4832 1623 4891 cf.
1657 4832 1843 4890 Hirzel
1876 4833 1916 4890 1.
1952 4833 1989 4889 1.
